
  <record>
    <leader>05267cam a2200613 i 4500</leader>
    <controlfield tag="005">20200414162224.0</controlfield>
    <controlfield tag="008">190422s2020    enkab    b    001 0 eng  </controlfield>
    <controlfield tag="001">991037393691803811</controlfield>
    <datafield tag="010" ind1=" " ind2=" ">
      <subfield code="a">  2019018404</subfield>
    </datafield>
    <datafield tag="020" ind1=" " ind2=" ">
      <subfield code="a">9781108480642</subfield>
    </datafield>
    <datafield tag="020" ind1=" " ind2=" ">
      <subfield code="a">1108480640</subfield>
    </datafield>
    <datafield tag="035" ind1=" " ind2=" ">
      <subfield code="a">(OCoLC)1104859661</subfield>
    </datafield>
    <datafield tag="040" ind1=" " ind2=" ">
      <subfield code="a">LBSOR/DLC</subfield>
      <subfield code="b">eng</subfield>
      <subfield code="e">rda</subfield>
      <subfield code="c">DLC</subfield>
      <subfield code="d">OCLCQ</subfield>
      <subfield code="d">OCLCF</subfield>
      <subfield code="d">OCLCO</subfield>
      <subfield code="d">UKMGB</subfield>
      <subfield code="d">CLU</subfield>
      <subfield code="d">VLW</subfield>
      <subfield code="d">BNG</subfield>
    </datafield>
    <datafield tag="042" ind1=" " ind2=" ">
      <subfield code="a">pcc</subfield>
    </datafield>
    <datafield tag="043" ind1=" " ind2=" ">
      <subfield code="a">n------</subfield>
      <subfield code="a">s------</subfield>
      <subfield code="a">nwcu---</subfield>
      <subfield code="a">n-us-la</subfield>
      <subfield code="a">n-us-va</subfield>
    </datafield>
    <datafield tag="050" ind1="0" ind2="0">
      <subfield code="a">E29.N3</subfield>
      <subfield code="b">F84 2020</subfield>
    </datafield>
    <datafield tag="082" ind1="0" ind2="0">
      <subfield code="a">305.800973</subfield>
      <subfield code="2">23</subfield>
    </datafield>
    <datafield tag="100" ind1="1" ind2=" ">
      <subfield code="a">Fuente, Alejandro de la,</subfield>
      <subfield code="d">1963-</subfield>
      <subfield code="0">http://id.loc.gov/authorities/names/n00041268</subfield>
      <subfield code="e">author.</subfield>
    </datafield>
    <datafield tag="245" ind1="1" ind2="0">
      <subfield code="a">Becoming free, becoming Black :</subfield>
      <subfield code="b">race, freedom, and law in Cuba, Virginia, and Louisiana /</subfield>
      <subfield code="c">Alejandro de la Fuente, Ariela J. Gross.</subfield>
    </datafield>
    <datafield tag="264" ind1=" " ind2="1">
      <subfield code="a">Cambridge, United Kingdom ;</subfield>
      <subfield code="a">New York, NY :</subfield>
      <subfield code="b">Cambridge University Press,</subfield>
      <subfield code="c">2020.</subfield>
    </datafield>
    <datafield tag="300" ind1=" " ind2=" ">
      <subfield code="a">xiv, 281 pages :</subfield>
      <subfield code="b">illustrations (black and white), maps (black and white) ;</subfield>
      <subfield code="c">24 cm.</subfield>
    </datafield>
    <datafield tag="336" ind1=" " ind2=" ">
      <subfield code="a">text</subfield>
      <subfield code="b">txt</subfield>
      <subfield code="2">rdacontent</subfield>
    </datafield>
    <datafield tag="337" ind1=" " ind2=" ">
      <subfield code="a">unmediated</subfield>
      <subfield code="b">n</subfield>
      <subfield code="2">rdamedia</subfield>
    </datafield>
    <datafield tag="338" ind1=" " ind2=" ">
      <subfield code="a">volume</subfield>
      <subfield code="b">nc</subfield>
      <subfield code="2">rdacarrier</subfield>
    </datafield>
    <datafield tag="490" ind1="1" ind2=" ">
      <subfield code="a">Studies in legal history</subfield>
    </datafield>
    <datafield tag="504" ind1=" " ind2=" ">
      <subfield code="a">Includes bibliographical references and index.</subfield>
    </datafield>
    <datafield tag="505" ind1="0" ind2=" ">
      <subfield code="a">"A Negro and by consequence an alien" : local regulations and the making of race, 1500s-1700s -- The "inconvenience" of Black freedom : manumission, 1500s-1700s -- "The natural right of all mankind" : claiming freedom in the Age of Revolution, 1760-1830 -- "Rules ... for their expulsion" : foreclosing freedom, 1830-1860 -- "Not of the same blood" : policing racial boundaries, 1830-1860 -- Conclusion: "Home-born citizens" : the significance of free people of color.</subfield>
    </datafield>
    <datafield tag="520" ind1=" " ind2=" ">
      <subfield code="a">How did Africans become 'blacks' in the Americas? Becoming Free, Becoming Black tells the story of enslaved and free people of color who used the law to claim freedom and citizenship for themselves and their loved ones. Their communities challenged slaveholders' efforts to make blackness synonymous with slavery. Looking closely at three slave societies - Cuba, Virginia, and Louisiana - Alejandro de la Fuente and Ariela J. Gross demonstrate that the law of freedom - not slavery - established the meaning of blackness in law. Contests over freedom determined whether and how it was possible to move from slave to free status, and whether claims to citizenship would be tied to racial identity. Laws regulating the lives and institutions of free people of color created the boundaries between black and white, the rights reserved to white people, and the degradations imposed only on black people. -- Publisher.</subfield>
    </datafield>
    <datafield tag="650" ind1=" " ind2="0">
      <subfield code="a">Blacks</subfield>
      <subfield code="z">America</subfield>
      <subfield code="x">History.</subfield>
      <subfield code="0">http://id.loc.gov/authorities/subjects/sh2009117243</subfield>
    </datafield>
    <datafield tag="650" ind1=" " ind2="0">
      <subfield code="a">Slavery</subfield>
      <subfield code="z">America</subfield>
      <subfield code="x">History.</subfield>
      <subfield code="0">http://id.loc.gov/authorities/subjects/sh2010113221</subfield>
    </datafield>
    <datafield tag="650" ind1=" " ind2="0">
      <subfield code="a">Blacks</subfield>
      <subfield code="0">http://id.loc.gov/authorities/subjects/sh85014672</subfield>
      <subfield code="x">Legal status, laws, etc.</subfield>
      <subfield code="0">http://id.loc.gov/authorities/subjects/sh99004999</subfield>
      <subfield code="z">America</subfield>
      <subfield code="0">http://id.loc.gov/authorities/subjects/sh85004220</subfield>
      <subfield code="x">History.</subfield>
      <subfield code="0">http://id.loc.gov/authorities/subjects/sh99005024</subfield>
    </datafield>
    <datafield tag="650" ind1=" " ind2="7">
      <subfield code="a">Blacks</subfield>
      <subfield code="x">Legal status, laws, etc.</subfield>
      <subfield code="2">fast</subfield>
      <subfield code="0">http://id.worldcat.org/fast/833955</subfield>
    </datafield>
    <datafield tag="650" ind1=" " ind2="0">
      <subfield code="a">African Americans</subfield>
      <subfield code="x">Legal status, laws, etc.</subfield>
      <subfield code="0">http://id.loc.gov/authorities/subjects/sh85001962</subfield>
      <subfield code="x">History.</subfield>
      <subfield code="0">http://id.loc.gov/authorities/subjects/sh99005024</subfield>
    </datafield>
    <datafield tag="650" ind1=" " ind2="7">
      <subfield code="a">African Americans</subfield>
      <subfield code="x">Legal status, laws, etc.</subfield>
      <subfield code="2">fast</subfield>
      <subfield code="0">http://id.worldcat.org/fast/799632</subfield>
    </datafield>
    <datafield tag="650" ind1=" " ind2="0">
      <subfield code="a">Slavery</subfield>
      <subfield code="x">Law and legislation</subfield>
      <subfield code="0">http://id.loc.gov/authorities/subjects/sh85123336</subfield>
      <subfield code="z">Cuba</subfield>
      <subfield code="0">http://id.loc.gov/authorities/names/n79079435</subfield>
      <subfield code="x">History.</subfield>
      <subfield code="0">http://id.loc.gov/authorities/subjects/sh99005024</subfield>
    </datafield>
    <datafield tag="650" ind1=" " ind2="7">
      <subfield code="a">Slavery</subfield>
      <subfield code="x">Law and legislation.</subfield>
      <subfield code="2">fast</subfield>
      <subfield code="0">http://id.worldcat.org/fast/1120465</subfield>
    </datafield>
    <datafield tag="650" ind1=" " ind2="0">
      <subfield code="a">Slavery</subfield>
      <subfield code="x">Law and legislation</subfield>
      <subfield code="0">http://id.loc.gov/authorities/subjects/sh85123336</subfield>
      <subfield code="z">Louisiana</subfield>
      <subfield code="0">http://id.loc.gov/authorities/names/n79138970</subfield>
      <subfield code="x">History.</subfield>
      <subfield code="0">http://id.loc.gov/authorities/subjects/sh99005024</subfield>
    </datafield>
    <datafield tag="650" ind1=" " ind2="0">
      <subfield code="a">Slavery</subfield>
      <subfield code="x">Law and legislation</subfield>
      <subfield code="0">http://id.loc.gov/authorities/subjects/sh85123336</subfield>
      <subfield code="z">Virginia</subfield>
      <subfield code="0">http://id.loc.gov/authorities/names/n79022909</subfield>
      <subfield code="x">History.</subfield>
      <subfield code="0">http://id.loc.gov/authorities/subjects/sh99005024</subfield>
    </datafield>
    <datafield tag="650" ind1="2" ind2="7">
      <subfield code="a">Race relations.</subfield>
      <subfield code="2">fast</subfield>
      <subfield code="0">http://id.worldcat.org/fast/1086509</subfield>
    </datafield>
    <datafield tag="650" ind1="2" ind2="7">
      <subfield code="a">History.</subfield>
      <subfield code="2">fast</subfield>
      <subfield code="0">http://id.worldcat.org/fast/958235</subfield>
    </datafield>
    <datafield tag="650" ind1="1" ind2="7">
      <subfield code="a">Slavery</subfield>
      <subfield code="x">Law and legislation.</subfield>
      <subfield code="2">fast</subfield>
      <subfield code="0">http://id.worldcat.org/fast/1120465</subfield>
    </datafield>
    <datafield tag="650" ind1="1" ind2="7">
      <subfield code="a">African Americans</subfield>
      <subfield code="x">Legal status, laws, etc.</subfield>
      <subfield code="2">fast</subfield>
      <subfield code="0">http://id.worldcat.org/fast/799632</subfield>
    </datafield>
    <datafield tag="650" ind1="1" ind2="7">
      <subfield code="a">Blacks</subfield>
      <subfield code="x">Legal status, laws, etc.</subfield>
      <subfield code="2">fast</subfield>
      <subfield code="0">http://id.worldcat.org/fast/833955</subfield>
    </datafield>
    <datafield tag="650" ind1=" " ind2="7">
      <subfield code="a">Blacks.</subfield>
      <subfield code="2">fast</subfield>
      <subfield code="0">http://id.worldcat.org/fast/833880</subfield>
    </datafield>
    <datafield tag="650" ind1="1" ind2="7">
      <subfield code="a">Slavery.</subfield>
      <subfield code="2">fast</subfield>
      <subfield code="0">http://id.worldcat.org/fast/1120426</subfield>
    </datafield>
    <datafield tag="650" ind1="1" ind2="7">
      <subfield code="a">Blacks.</subfield>
      <subfield code="2">fast</subfield>
      <subfield code="0">http://id.worldcat.org/fast/833880</subfield>
    </datafield>
    <datafield tag="650" ind1=" " ind2="7">
      <subfield code="a">Race relations.</subfield>
      <subfield code="2">fast</subfield>
      <subfield code="0">http://id.worldcat.org/fast/1086509</subfield>
    </datafield>
    <datafield tag="650" ind1=" " ind2="7">
      <subfield code="a">Slavery.</subfield>
      <subfield code="2">fast</subfield>
      <subfield code="0">http://id.worldcat.org/fast/1120426</subfield>
    </datafield>
    <datafield tag="651" ind1=" " ind2="0">
      <subfield code="a">America</subfield>
      <subfield code="x">Race relations</subfield>
      <subfield code="0">http://id.loc.gov/authorities/subjects/sh2009116050</subfield>
      <subfield code="x">History.</subfield>
      <subfield code="0">http://id.loc.gov/authorities/subjects/sh99005024</subfield>
    </datafield>
    <datafield tag="651" ind1=" " ind2="7">
      <subfield code="a">America.</subfield>
      <subfield code="2">fast</subfield>
      <subfield code="0">http://id.worldcat.org/fast/1239786</subfield>
    </datafield>
    <datafield tag="651" ind1=" " ind2="7">
      <subfield code="a">Cuba.</subfield>
      <subfield code="2">fast</subfield>
      <subfield code="0">http://id.worldcat.org/fast/1205805</subfield>
    </datafield>
    <datafield tag="651" ind1=" " ind2="7">
      <subfield code="a">Louisiana.</subfield>
      <subfield code="2">fast</subfield>
      <subfield code="0">http://id.worldcat.org/fast/1207035</subfield>
    </datafield>
    <datafield tag="651" ind1=" " ind2="7">
      <subfield code="a">Virginia.</subfield>
      <subfield code="2">fast</subfield>
      <subfield code="0">http://id.worldcat.org/fast/1204597</subfield>
    </datafield>
    <datafield tag="651" ind1="1" ind2="7">
      <subfield code="a">America.</subfield>
      <subfield code="2">fast</subfield>
      <subfield code="0">http://id.worldcat.org/fast/1239786</subfield>
    </datafield>
    <datafield tag="651" ind1="2" ind2="7">
      <subfield code="a">Virginia.</subfield>
      <subfield code="2">fast</subfield>
      <subfield code="0">http://id.worldcat.org/fast/1204597</subfield>
    </datafield>
    <datafield tag="651" ind1="2" ind2="7">
      <subfield code="a">Louisiana.</subfield>
      <subfield code="2">fast</subfield>
      <subfield code="0">http://id.worldcat.org/fast/1207035</subfield>
    </datafield>
    <datafield tag="651" ind1="2" ind2="7">
      <subfield code="a">Cuba.</subfield>
      <subfield code="2">fast</subfield>
      <subfield code="0">http://id.worldcat.org/fast/1205805</subfield>
    </datafield>
    <datafield tag="651" ind1="2" ind2="7">
      <subfield code="a">America.</subfield>
      <subfield code="2">fast</subfield>
      <subfield code="0">http://id.worldcat.org/fast/1239786</subfield>
    </datafield>
    <datafield tag="655" ind1=" " ind2="7">
      <subfield code="a">History.</subfield>
      <subfield code="2">fast</subfield>
      <subfield code="0">http://id.worldcat.org/fast/1411628</subfield>
    </datafield>
    <datafield tag="700" ind1="1" ind2=" ">
      <subfield code="a">Gross, Ariela Julie,</subfield>
      <subfield code="0">http://id.loc.gov/authorities/names/nr97045354</subfield>
      <subfield code="e">author.</subfield>
    </datafield>
    <datafield tag="830" ind1=" " ind2="0">
      <subfield code="a">Studies in legal history.</subfield>
      <subfield code="0">http://id.loc.gov/authorities/names/n42004056</subfield>
    </datafield>
    <datafield tag="904" ind1=" " ind2=" ">
      <subfield code="a">MARCIVE 20200629</subfield>
    </datafield>
    <datafield tag="960" ind1=" " ind2=" ">
      <subfield code="k">BLOCKSON</subfield>
      <subfield code="g">MONOGRAPH</subfield>
      <subfield code="l">rarestacks</subfield>
      <subfield code="o">1</subfield>
      <subfield code="q">021320</subfield>
      <subfield code="s">20.08</subfield>
      <subfield code="u">5ablf</subfield>
      <subfield code="v">coutt</subfield>
    </datafield>
    <datafield tag="961" ind1=" " ind2=" ">
      <subfield code="f">acqrat</subfield>
      <subfield code="h">Allow Duplication</subfield>
      <subfield code="i">53417098</subfield>
    </datafield>
    <datafield tag="979" ind1=" " ind2=" ">
      <subfield code="a">(OCoLC)1104859661</subfield>
    </datafield>
    <datafield tag="997" ind1=" " ind2=" ">
      <subfield code="a">20200316133944.0</subfield>
      <subfield code="c">AB</subfield>
      <subfield code="d">TEU</subfield>
      <subfield code="s">OCLC</subfield>
      <subfield code="e">WCAT</subfield>
    </datafield>
    <datafield tag="ADM" ind1=" " ind2=" ">
      <subfield code="b">2020-09-09 00:42:48</subfield>
      <subfield code="e">991037393691803811</subfield>
      <subfield code="d">MARCIVE</subfield>
      <subfield code="f">20200316134118.0</subfield>
      <subfield code="a">2020-02-13 20:31:28</subfield>
      <subfield code="c">false</subfield>
    </datafield>
    <datafield tag="HLD" ind1="0" ind2=" ">
      <subfield code="b">BLOCKSON</subfield>
      <subfield code="c">rarestacks</subfield>
      <subfield code="h">E29.N3</subfield>
      <subfield code="i">F84 2020</subfield>
      <subfield code="8">22495547340003811</subfield>
      <subfield code="updated">2020-03-16 17:42:01</subfield>
      <subfield code="created">2020-02-13 20:32:07</subfield>
    </datafield>
    <datafield tag="ITM" ind1=" " ind2=" ">
      <subfield code="r">22495547340003811</subfield>
      <subfield code="b">1</subfield>
      <subfield code="h">0</subfield>
      <subfield code="g">rarestacks</subfield>
      <subfield code="t">BOOK</subfield>
      <subfield code="9">3907402574586</subfield>
      <subfield code="e">rarestacks</subfield>
      <subfield code="8">23495547330003811</subfield>
      <subfield code="j">0</subfield>
      <subfield code="a">3</subfield>
      <subfield code="i">E29.N3 F84 2020</subfield>
      <subfield code="updated">2020-03-16 17:42:00</subfield>
      <subfield code="q">2020-02-13 20:32:07</subfield>
      <subfield code="d">BLOCKSON</subfield>
      <subfield code="f">BLOCKSON</subfield>
    </datafield>
  </record>