
  <record>
    <leader>03865cam a2200781Ii 4500</leader>
    <controlfield tag="005">20200901062957.6</controlfield>
    <controlfield tag="006">m     o  d        </controlfield>
    <controlfield tag="007">cr cnu---unuuu</controlfield>
    <controlfield tag="008">200131t20202020enkab   ob    001 0 eng d</controlfield>
    <controlfield tag="001">991037717970703811</controlfield>
    <datafield tag="019" ind1=" " ind2=" ">
      <subfield code="a">1151872974</subfield>
    </datafield>
    <datafield tag="020" ind1=" " ind2=" ">
      <subfield code="a">9781108612951</subfield>
      <subfield code="q">(electronic book)</subfield>
    </datafield>
    <datafield tag="020" ind1=" " ind2=" ">
      <subfield code="a">1108612954</subfield>
      <subfield code="q">(electronic book)</subfield>
    </datafield>
    <datafield tag="020" ind1=" " ind2=" ">
      <subfield code="a">1108612598</subfield>
      <subfield code="q">(electronic book)</subfield>
    </datafield>
    <datafield tag="020" ind1=" " ind2=" ">
      <subfield code="a">9781108612593</subfield>
      <subfield code="q">(electronic bk.)</subfield>
    </datafield>
    <datafield tag="020" ind1=" " ind2=" ">
      <subfield code="z">9781108480642</subfield>
    </datafield>
    <datafield tag="020" ind1=" " ind2=" ">
      <subfield code="z">1108480640</subfield>
    </datafield>
    <datafield tag="035" ind1=" " ind2=" ">
      <subfield code="a">(OCoLC)1138386983</subfield>
      <subfield code="z">(OCoLC)1151872974</subfield>
    </datafield>
    <datafield tag="035" ind1=" " ind2=" ">
      <subfield code="a">(OCoLC)on1138386983</subfield>
    </datafield>
    <datafield tag="040" ind1=" " ind2=" ">
      <subfield code="a">YDXIT</subfield>
      <subfield code="b">eng</subfield>
      <subfield code="e">rda</subfield>
      <subfield code="e">pn</subfield>
      <subfield code="c">YDXIT</subfield>
      <subfield code="d">EBLCP</subfield>
      <subfield code="d">YDX</subfield>
      <subfield code="d">CAMBR</subfield>
      <subfield code="d">OCLCF</subfield>
      <subfield code="d">BOL</subfield>
      <subfield code="d">N$T</subfield>
      <subfield code="d">OCLCQ</subfield>
      <subfield code="d">IBI</subfield>
    </datafield>
    <datafield tag="043" ind1=" " ind2=" ">
      <subfield code="a">n------</subfield>
      <subfield code="a">s------</subfield>
      <subfield code="a">nwcu---</subfield>
      <subfield code="a">n-us-la</subfield>
      <subfield code="a">n-us-va</subfield>
    </datafield>
    <datafield tag="049" ind1=" " ind2=" ">
      <subfield code="a">TEUU</subfield>
    </datafield>
    <datafield tag="050" ind1=" " ind2="4">
      <subfield code="a">E29.N3</subfield>
      <subfield code="b">F84 2020eb</subfield>
    </datafield>
    <datafield tag="082" ind1="0" ind2="4">
      <subfield code="a">305.800973</subfield>
      <subfield code="2">23</subfield>
    </datafield>
    <datafield tag="100" ind1="1" ind2=" ">
      <subfield code="a">Fuente, Alejandro de la,</subfield>
      <subfield code="d">1963-</subfield>
      <subfield code="e">author.</subfield>
    </datafield>
    <datafield tag="245" ind1="1" ind2="0">
      <subfield code="a">Becoming free, becoming Black :</subfield>
      <subfield code="b">race, freedom, and law in Cuba, Virginia, and Louisiana /</subfield>
      <subfield code="c">Alejandro de la Fuente, Ariela J. Gross.</subfield>
    </datafield>
    <datafield tag="264" ind1=" " ind2="1">
      <subfield code="a">Cambridge, United Kingdom ;</subfield>
      <subfield code="a">New York, NY :</subfield>
      <subfield code="b">Cambridge University Press,</subfield>
      <subfield code="c">2020.</subfield>
    </datafield>
    <datafield tag="264" ind1=" " ind2="4">
      <subfield code="c">&#xA9;2020</subfield>
    </datafield>
    <datafield tag="300" ind1=" " ind2=" ">
      <subfield code="a">1 online resource (xiv, 281 pages) :</subfield>
      <subfield code="b">illustrations (black and white), maps (black and white)</subfield>
    </datafield>
    <datafield tag="336" ind1=" " ind2=" ">
      <subfield code="a">text</subfield>
      <subfield code="b">txt</subfield>
      <subfield code="2">rdacontent</subfield>
    </datafield>
    <datafield tag="337" ind1=" " ind2=" ">
      <subfield code="a">computer</subfield>
      <subfield code="b">c</subfield>
      <subfield code="2">rdamedia</subfield>
    </datafield>
    <datafield tag="338" ind1=" " ind2=" ">
      <subfield code="a">online resource</subfield>
      <subfield code="b">cr</subfield>
      <subfield code="2">rdacarrier</subfield>
    </datafield>
    <datafield tag="490" ind1="1" ind2=" ">
      <subfield code="a">Studies in legal history</subfield>
    </datafield>
    <datafield tag="504" ind1=" " ind2=" ">
      <subfield code="a">Includes bibliographical references and index.</subfield>
    </datafield>
    <datafield tag="505" ind1="0" ind2=" ">
      <subfield code="a">"A Negro and by consequence an alien" : local regulations and the making of race, 1500s-1700s -- The "inconvenience" of Black freedom : manumission, 1500s-1700s -- "The natural right of all mankind" : claiming freedom in the Age of Revolution, 1760-1830 -- "Rules ... for their expulsion" : foreclosing freedom, 1830-1860 -- "Not of the same blood" : policing racial boundaries, 1830-1860 -- Conclusion: "Home-born citizens" : the significance of free people of color.</subfield>
    </datafield>
    <datafield tag="500" ind1=" " ind2=" ">
      <subfield code="a">Title from digital title page (viewed on January 31, 2020).</subfield>
    </datafield>
    <datafield tag="520" ind1=" " ind2=" ">
      <subfield code="a">Shows that the law of freedom, not slavery, determined the way that race developed over time in three slave societies.</subfield>
    </datafield>
    <datafield tag="590" ind1=" " ind2=" ">
      <subfield code="a">Cambridge University Press</subfield>
      <subfield code="b">Cambridge eBooks and Partner Presses: All Books</subfield>
    </datafield>
    <datafield tag="590" ind1=" " ind2=" ">
      <subfield code="a">Access is available to the Temple Community through use of a networked computer with a Temple IP address.</subfield>
    </datafield>
    <datafield tag="650" ind1=" " ind2="0">
      <subfield code="a">Blacks</subfield>
      <subfield code="z">America</subfield>
      <subfield code="x">History.</subfield>
    </datafield>
    <datafield tag="650" ind1=" " ind2="0">
      <subfield code="a">Slavery</subfield>
      <subfield code="z">America</subfield>
      <subfield code="x">History.</subfield>
    </datafield>
    <datafield tag="650" ind1=" " ind2="0">
      <subfield code="a">Blacks</subfield>
      <subfield code="x">Legal status, laws, etc.</subfield>
      <subfield code="z">America</subfield>
      <subfield code="x">History.</subfield>
    </datafield>
    <datafield tag="650" ind1=" " ind2="0">
      <subfield code="a">African Americans</subfield>
      <subfield code="x">Legal status, laws, etc.</subfield>
      <subfield code="x">History.</subfield>
    </datafield>
    <datafield tag="650" ind1=" " ind2="0">
      <subfield code="a">Slavery</subfield>
      <subfield code="x">Law and legislation</subfield>
      <subfield code="z">Cuba</subfield>
      <subfield code="x">History.</subfield>
    </datafield>
    <datafield tag="650" ind1=" " ind2="0">
      <subfield code="a">Slavery</subfield>
      <subfield code="x">Law and legislation</subfield>
      <subfield code="z">Louisiana</subfield>
      <subfield code="x">History.</subfield>
    </datafield>
    <datafield tag="650" ind1=" " ind2="0">
      <subfield code="a">Slavery</subfield>
      <subfield code="x">Law and legislation</subfield>
      <subfield code="z">Virginia</subfield>
      <subfield code="x">History.</subfield>
    </datafield>
    <datafield tag="651" ind1=" " ind2="0">
      <subfield code="a">America</subfield>
      <subfield code="x">Race relations</subfield>
      <subfield code="x">History.</subfield>
    </datafield>
    <datafield tag="650" ind1=" " ind2="7">
      <subfield code="a">African Americans</subfield>
      <subfield code="x">Legal status, laws, etc.</subfield>
      <subfield code="2">fast</subfield>
      <subfield code="0">(OCoLC)fst00799632</subfield>
    </datafield>
    <datafield tag="650" ind1=" " ind2="7">
      <subfield code="a">Blacks.</subfield>
      <subfield code="2">fast</subfield>
      <subfield code="0">(OCoLC)fst00833880</subfield>
    </datafield>
    <datafield tag="650" ind1=" " ind2="7">
      <subfield code="a">Blacks</subfield>
      <subfield code="x">Legal status, laws, etc.</subfield>
      <subfield code="2">fast</subfield>
      <subfield code="0">(OCoLC)fst00833955</subfield>
    </datafield>
    <datafield tag="650" ind1=" " ind2="7">
      <subfield code="a">Race relations.</subfield>
      <subfield code="2">fast</subfield>
      <subfield code="0">(OCoLC)fst01086509</subfield>
    </datafield>
    <datafield tag="650" ind1=" " ind2="7">
      <subfield code="a">Slavery.</subfield>
      <subfield code="2">fast</subfield>
      <subfield code="0">(OCoLC)fst01120426</subfield>
    </datafield>
    <datafield tag="650" ind1=" " ind2="7">
      <subfield code="a">Slavery</subfield>
      <subfield code="x">Law and legislation.</subfield>
      <subfield code="2">fast</subfield>
      <subfield code="0">(OCoLC)fst01120465</subfield>
    </datafield>
    <datafield tag="651" ind1=" " ind2="7">
      <subfield code="a">America.</subfield>
      <subfield code="2">fast</subfield>
      <subfield code="0">(OCoLC)fst01239786</subfield>
    </datafield>
    <datafield tag="651" ind1=" " ind2="7">
      <subfield code="a">Cuba.</subfield>
      <subfield code="2">fast</subfield>
      <subfield code="0">(OCoLC)fst01205805</subfield>
    </datafield>
    <datafield tag="651" ind1=" " ind2="7">
      <subfield code="a">Louisiana.</subfield>
      <subfield code="2">fast</subfield>
      <subfield code="0">(OCoLC)fst01207035</subfield>
    </datafield>
    <datafield tag="651" ind1=" " ind2="7">
      <subfield code="a">Virginia.</subfield>
      <subfield code="2">fast</subfield>
      <subfield code="0">(OCoLC)fst01204597</subfield>
    </datafield>
    <datafield tag="655" ind1=" " ind2="7">
      <subfield code="a">History.</subfield>
      <subfield code="2">fast</subfield>
      <subfield code="0">(OCoLC)fst01411628</subfield>
    </datafield>
    <datafield tag="700" ind1="1" ind2=" ">
      <subfield code="a">Gross, Ariela Julie,</subfield>
      <subfield code="e">author.</subfield>
    </datafield>
    <datafield tag="776" ind1="0" ind2="8">
      <subfield code="c">Original</subfield>
      <subfield code="z">9781108480642</subfield>
      <subfield code="z">1108480640</subfield>
      <subfield code="w">(DLC)  2019018404</subfield>
      <subfield code="w">(OCoLC)1104859661</subfield>
    </datafield>
    <datafield tag="830" ind1=" " ind2="0">
      <subfield code="a">Studies in legal history</subfield>
    </datafield>
    <datafield tag="856" ind1="4" ind2="0">
      <subfield code="u">https://doi.org/10.1017/9781108612951</subfield>
    </datafield>
    <datafield tag="979" ind1=" " ind2=" ">
      <subfield code="a">on1138386983</subfield>
    </datafield>
    <datafield tag="ADM" ind1=" " ind2=" ">
      <subfield code="b">2020-09-09 00:58:36</subfield>
      <subfield code="e">on1138386983</subfield>
      <subfield code="d">OCLC</subfield>
      <subfield code="f">20200901062957.6</subfield>
      <subfield code="a">2020-09-02 12:30:51</subfield>
      <subfield code="c">false</subfield>
    </datafield>
    <datafield tag="PRT" ind1=" " ind2=" ">
      <subfield code="updated">2020-09-02 12:31:23</subfield>
      <subfield code="i">61530087730003811</subfield>
      <subfield code="c">Cambridge Core Ebooks</subfield>
      <subfield code="created">2020-09-02 12:31:16</subfield>
      <subfield code="j">62530087720003811</subfield>
      <subfield code="a">53531223810003811</subfield>
      <subfield code="b">https://sandbox01-na.alma.exlibrisgroup.com/view/uresolver/01TULI_INST/openurl?u.ignore_date_coverage=true&amp;rft.mms_id=991037717970703811</subfield>
      <subfield code="9">Available</subfield>
      <subfield code="8">53531223810003811</subfield>
    </datafield>
  </record>