
  <record>
    <leader>03751cam a2200385Ki 4500</leader>
    <controlfield tag="005">20200605180221.0</controlfield>
    <controlfield tag="006">m     o  d        </controlfield>
    <controlfield tag="007">crunu|||||||||</controlfield>
    <controlfield tag="008">200309s2015    xx      obm   000 0 eng d</controlfield>
    <controlfield tag="001">991037530950703811</controlfield>
    <datafield tag="035" ind1=" " ind2=" ">
      <subfield code="a">(OCoLC)958157400</subfield>
    </datafield>
    <datafield tag="035" ind1=" " ind2=" ">
      <subfield code="a">(OCoLC)ocn958157400</subfield>
    </datafield>
    <datafield tag="040" ind1=" " ind2=" ">
      <subfield code="a">TEU</subfield>
      <subfield code="c">TEU</subfield>
    </datafield>
    <datafield tag="042" ind1=" " ind2=" ">
      <subfield code="a">dc</subfield>
    </datafield>
    <datafield tag="049" ind1=" " ind2=" ">
      <subfield code="a">TEUU</subfield>
    </datafield>
    <datafield tag="100" ind1="1" ind2=" ">
      <subfield code="a">Pustay, Steven</subfield>
    </datafield>
    <datafield tag="245" ind1="1" ind2="0">
      <subfield code="a">Becoming God, Becoming the Buddha :</subfield>
      <subfield code="b">The Relation of Identity and Praxis in the Thought of Maximus the Confessor and Ku&#x304;kai</subfield>
    </datafield>
    <datafield tag="260" ind1=" " ind2=" ">
      <subfield code="b">Temple University Libraries</subfield>
      <subfield code="c">2015</subfield>
    </datafield>
    <datafield tag="300" ind1=" " ind2=" ">
      <subfield code="a">1 online resource (300 pages)</subfield>
    </datafield>
    <datafield tag="502" ind1=" " ind2=" ">
      <subfield code="b">Ph.D.</subfield>
      <subfield code="c">Temple University</subfield>
      <subfield code="d">2015</subfield>
    </datafield>
    <datafield tag="506" ind1="0" ind2=" ">
      <subfield code="a">Open access content</subfield>
      <subfield code="f">Open access content</subfield>
      <subfield code="2">star</subfield>
    </datafield>
    <datafield tag="520" ind1="3" ind2=" ">
      <subfield code="a">My dissertation investigates the concept of 'divinization', or becoming like (or identical to) God or the Buddha in the thought of two early medieval monk-philosophers from radically different religious-philosophical traditions, Maximus the Confessor (580-662 CE) and Kukai (774-835 CE). I use this as a means of comparing the relationship between understandings of identity and praxis advocated by these two thinkers. Maximus was a Christian monk who lived during a period of great theological and political turmoil in the Byzantine Empire and participated in the theological debates of his day. Kukai was a Japanese monk who studied esoteric Buddhism in China and returned to establish an esoteric lineage in Japan, allowing it to survive after its demise in China. In the first half of my dissertation, I investigate their philosophical understandings of identity, what makes a thing what it is and not something else. I consider this their metaphysic (using the term in the broadest sense of an account of reality). I begin by looking at their religio-philosophical contexts which informed their thought and then on texts written by my principles themselves. Maximus' understanding, shaped by Greek philosophy and early Christian theologians, is embodied in a triad of concepts - logoi, divine ideas and wills which bestow being on created things and hold them in existence; tropoi, the modes of existence of particular creatures and hypostasis, the individual existent or creature which exists in the tension between logoi and tropoi. The core of Kukai's understanding is funi (&#x4E0D;&#x4E8C;) or non-duality, a doctrine that has both epistemic and ontological implications. It is grounded in the experience of meditation as well as the esoteric Buddhist teaching of muge (&#x7121;&#x7919;), the mutual interpenetration and non-obstruction of all things. It is a doctrine central to esotericism but also has roots in prajna&#x304;pa&#x304;ramita&#x304; ("perfection of wisdom") literature, important to many schools of Maha&#x304;ya&#x304;na Buddhism. How</subfield>
    </datafield>
    <datafield tag="538" ind1=" " ind2=" ">
      <subfield code="a">Application/PDF</subfield>
    </datafield>
    <datafield tag="540" ind1=" " ind2=" ">
      <subfield code="a">The author has granted Temple University a limited, non-exclusive, royalty-free license to reproduce his or her dissertation, in whole or in part, in electronic or paper form and to make it available to the general public at no charge. This permission is granted in addition to rights granted to ProQuest. The author retains all other rights.</subfield>
    </datafield>
    <datafield tag="653" ind1=" " ind2=" ">
      <subfield code="a">Buddhism; Christianity; Deification; Esoteric; Tantra; Theosis</subfield>
    </datafield>
    <datafield tag="653" ind1=" " ind2=" ">
      <subfield code="a">Comparative religion; Theology; Philosophy;</subfield>
    </datafield>
    <datafield tag="655" ind1=" " ind2="7">
      <subfield code="a">Academic theses.</subfield>
      <subfield code="2">lcgft</subfield>
    </datafield>
    <datafield tag="690" ind1=" " ind2="4">
      <subfield code="a">Temple University</subfield>
      <subfield code="x">Theses</subfield>
    </datafield>
    <datafield tag="700" ind1="1" ind2=" ">
      <subfield code="a">Botwinick, Aryeh</subfield>
    </datafield>
    <datafield tag="700" ind1="1" ind2=" ">
      <subfield code="a">Bregman, Lucy</subfield>
    </datafield>
    <datafield tag="700" ind1="1" ind2=" ">
      <subfield code="a">Limberis, Vasiliki M.</subfield>
    </datafield>
    <datafield tag="700" ind1="1" ind2=" ">
      <subfield code="a">Nagatomo, Shigenori</subfield>
    </datafield>
    <datafield tag="856" ind1="4" ind2="0">
      <subfield code="u">https://digital.library.temple.edu/digital/collection/p245801coll10/id/361666</subfield>
    </datafield>
    <datafield tag="902" ind1=" " ind2=" ">
      <subfield code="a">Temple University Electronic Theses and Dissertations 202000605</subfield>
    </datafield>
    <datafield tag="979" ind1=" " ind2=" ">
      <subfield code="a">ocn958157400</subfield>
    </datafield>
    <datafield tag="ADM" ind1=" " ind2=" ">
      <subfield code="b">2020-06-09 04:50:55</subfield>
      <subfield code="e">ocn958157400</subfield>
      <subfield code="d">OCLC</subfield>
      <subfield code="f">20200523093424.4</subfield>
      <subfield code="a">2020-06-05 21:56:27</subfield>
      <subfield code="c">false</subfield>
    </datafield>
    <datafield tag="PRT" ind1=" " ind2=" ">
      <subfield code="updated">2020-06-05 21:56:43</subfield>
      <subfield code="i">61414498590003811</subfield>
      <subfield code="c">Temple University Electronic Theses and Dissertations</subfield>
      <subfield code="created">2020-06-05 21:56:38</subfield>
      <subfield code="j">62414498580003811</subfield>
      <subfield code="a">53520707250003811</subfield>
      <subfield code="b">https://sandbox01-na.alma.exlibrisgroup.com/view/uresolver/01TULI_INST/openurl?u.ignore_date_coverage=true&amp;rft.mms_id=991037530950703811</subfield>
      <subfield code="9">Available</subfield>
      <subfield code="8">53520707250003811</subfield>
    </datafield>
  </record>