
  <record>
    <leader>02458cam a2200577 a 4500</leader>
    <controlfield tag="005">20190923164308.0</controlfield>
    <controlfield tag="008">960513s1996    paua     b    000 0deng  </controlfield>
    <controlfield tag="001">991035137589703811</controlfield>
    <datafield tag="010" ind1=" " ind2=" ">
      <subfield code="a">96003554</subfield>
    </datafield>
    <datafield tag="020" ind1=" " ind2=" ">
      <subfield code="a">1566394384</subfield>
      <subfield code="q">hardback</subfield>
      <subfield code="q">alkaline paper</subfield>
    </datafield>
    <datafield tag="020" ind1=" " ind2=" ">
      <subfield code="a">1566394392</subfield>
      <subfield code="q">paperback</subfield>
      <subfield code="q">alkaline paper</subfield>
    </datafield>
    <datafield tag="035" ind1=" " ind2=" ">
      <subfield code="a">(PPT)b17280813-01tuli_inst</subfield>
    </datafield>
    <datafield tag="035" ind1=" " ind2=" ">
      <subfield code="a">(CStRLIN)ocn477204347</subfield>
      <subfield code="9">ExL</subfield>
    </datafield>
    <datafield tag="035" ind1=" " ind2=" ">
      <subfield code="a">PATG96-B21155</subfield>
    </datafield>
    <datafield tag="035" ind1=" " ind2=" ">
      <subfield code="a">ocm34244982</subfield>
    </datafield>
    <datafield tag="035" ind1=" " ind2=" ">
      <subfield code="a">(OCLC)ocm34244982</subfield>
    </datafield>
    <datafield tag="040" ind1=" " ind2=" ">
      <subfield code="a">DLC</subfield>
      <subfield code="b">eng</subfield>
      <subfield code="c">DLC</subfield>
      <subfield code="d">PPT</subfield>
    </datafield>
    <datafield tag="043" ind1=" " ind2=" ">
      <subfield code="a">n-us---</subfield>
    </datafield>
    <datafield tag="079" ind1=" " ind2=" ">
      <subfield code="a">ocm34244982</subfield>
    </datafield>
    <datafield tag="090" ind1=" " ind2=" ">
      <subfield code="a">E184.A1B33 1996</subfield>
    </datafield>
    <datafield tag="245" ind1="0" ind2="0">
      <subfield code="a">Becoming American, becoming ethnic :</subfield>
      <subfield code="b">college students explore their roots /</subfield>
      <subfield code="c">edited by Thomas Dublin.</subfield>
    </datafield>
    <datafield tag="264" ind1=" " ind2="1">
      <subfield code="a">Philadelphia, PA :</subfield>
      <subfield code="b">Temple University Press,</subfield>
      <subfield code="c">1996.</subfield>
    </datafield>
    <datafield tag="300" ind1=" " ind2=" ">
      <subfield code="a">x, 241 pages :</subfield>
      <subfield code="b">illustrations ;</subfield>
      <subfield code="c">24 cm.</subfield>
    </datafield>
    <datafield tag="336" ind1=" " ind2=" ">
      <subfield code="a">text</subfield>
      <subfield code="b">txt</subfield>
      <subfield code="2">rdacontent</subfield>
    </datafield>
    <datafield tag="337" ind1=" " ind2=" ">
      <subfield code="a">unmediated</subfield>
      <subfield code="b">n</subfield>
      <subfield code="2">rdamedia</subfield>
    </datafield>
    <datafield tag="338" ind1=" " ind2=" ">
      <subfield code="a">volume</subfield>
      <subfield code="b">nc</subfield>
      <subfield code="2">rdacarrier</subfield>
    </datafield>
    <datafield tag="490" ind1="1" ind2=" ">
      <subfield code="a">Critical perspectives on the past series</subfield>
    </datafield>
    <datafield tag="504" ind1=" " ind2=" ">
      <subfield code="a">Includes bibliographical references.</subfield>
    </datafield>
    <datafield tag="650" ind1=" " ind2="0">
      <subfield code="a">Ethnicity</subfield>
      <subfield code="z">United States.</subfield>
      <subfield code="0">http://id.loc.gov/authorities/subjects/sh2008103184</subfield>
    </datafield>
    <datafield tag="650" ind1=" " ind2="0">
      <subfield code="a">College students</subfield>
      <subfield code="0">http://id.loc.gov/authorities/subjects/sh85028356</subfield>
      <subfield code="x">Family relationships</subfield>
      <subfield code="0">http://id.loc.gov/authorities/subjects/sh99005369</subfield>
      <subfield code="z">United States.</subfield>
      <subfield code="0">http://id.loc.gov/authorities/names/n78095330</subfield>
    </datafield>
    <datafield tag="650" ind1=" " ind2="7">
      <subfield code="a">College students</subfield>
      <subfield code="x">Family relationships.</subfield>
      <subfield code="2">fast</subfield>
      <subfield code="0">http://id.worldcat.org/fast/868006</subfield>
    </datafield>
    <datafield tag="650" ind1="2" ind2="7">
      <subfield code="a">Emigration and immigration.</subfield>
      <subfield code="2">fast</subfield>
      <subfield code="0">http://id.worldcat.org/fast/908690</subfield>
    </datafield>
    <datafield tag="650" ind1="1" ind2="7">
      <subfield code="a">College students</subfield>
      <subfield code="x">Family relationships.</subfield>
      <subfield code="2">fast</subfield>
      <subfield code="0">http://id.worldcat.org/fast/868006</subfield>
    </datafield>
    <datafield tag="650" ind1=" " ind2="7">
      <subfield code="a">College students.</subfield>
      <subfield code="2">fast</subfield>
      <subfield code="0">http://id.worldcat.org/fast/867976</subfield>
    </datafield>
    <datafield tag="650" ind1="1" ind2="7">
      <subfield code="a">Ethnicity.</subfield>
      <subfield code="2">fast</subfield>
      <subfield code="0">http://id.worldcat.org/fast/916034</subfield>
    </datafield>
    <datafield tag="651" ind1=" " ind2="0">
      <subfield code="a">United States</subfield>
      <subfield code="x">Emigration and immigration.</subfield>
      <subfield code="0">http://id.loc.gov/authorities/subjects/sh85140040</subfield>
    </datafield>
    <datafield tag="651" ind1="1" ind2="7">
      <subfield code="a">United States.</subfield>
      <subfield code="2">fast</subfield>
      <subfield code="0">http://id.worldcat.org/fast/1204155</subfield>
    </datafield>
    <datafield tag="651" ind1="2" ind2="7">
      <subfield code="a">United States.</subfield>
      <subfield code="2">fast</subfield>
      <subfield code="0">http://id.worldcat.org/fast/1204155</subfield>
    </datafield>
    <datafield tag="710" ind1="2" ind2=" ">
      <subfield code="a">Temple University Press,</subfield>
      <subfield code="0">http://id.loc.gov/authorities/names/n2010080057</subfield>
      <subfield code="e">publisher.</subfield>
    </datafield>
    <datafield tag="700" ind1="1" ind2=" ">
      <subfield code="a">Dublin, Thomas,</subfield>
      <subfield code="d">1946-</subfield>
      <subfield code="0">http://id.loc.gov/authorities/names/n79026503</subfield>
    </datafield>
    <datafield tag="830" ind1=" " ind2="0">
      <subfield code="a">Critical perspectives on the past.</subfield>
      <subfield code="0">http://id.loc.gov/authorities/names/n86732334</subfield>
    </datafield>
    <datafield tag="902" ind1=" " ind2=" ">
      <subfield code="a">160318</subfield>
    </datafield>
    <datafield tag="902" ind1=" " ind2=" ">
      <subfield code="a">MARCIVE-BF 20190703</subfield>
    </datafield>
    <datafield tag="904" ind1=" " ind2=" ">
      <subfield code="a">MARCIVE-SC</subfield>
    </datafield>
    <datafield tag="904" ind1=" " ind2=" ">
      <subfield code="a">MARCIVE 20200629</subfield>
    </datafield>
    <datafield tag="907" ind1=" " ind2=" ">
      <subfield code="a">.b17280813</subfield>
      <subfield code="b">multi</subfield>
      <subfield code="c">-</subfield>
    </datafield>
    <datafield tag="935" ind1=" " ind2=" ">
      <subfield code="a">00792728</subfield>
    </datafield>
    <datafield tag="945" ind1=" " ind2=" ">
      <subfield code="l">astk </subfield>
      <subfield code="g">1</subfield>
    </datafield>
    <datafield tag="945" ind1=" " ind2=" ">
      <subfield code="l">pstk </subfield>
      <subfield code="g">1</subfield>
    </datafield>
    <datafield tag="945" ind1=" " ind2=" ">
      <subfield code="l">stem </subfield>
      <subfield code="a">62 1996 B398</subfield>
      <subfield code="g">1</subfield>
    </datafield>
    <datafield tag="950" ind1=" " ind2=" ">
      <subfield code="l">P</subfield>
      <subfield code="i">05/20/96 N</subfield>
      <subfield code="h">05/13/96 N</subfield>
    </datafield>
    <datafield tag="950" ind1=" " ind2=" ">
      <subfield code="l">TEM</subfield>
      <subfield code="b">62 1996 B398</subfield>
      <subfield code="i">05/20/96 N</subfield>
    </datafield>
    <datafield tag="955" ind1=" " ind2=" ">
      <subfield code="l">P</subfield>
      <subfield code="c">0</subfield>
      <subfield code="r">39074010851368</subfield>
      <subfield code="h">05/13/96 C</subfield>
    </datafield>
    <datafield tag="955" ind1=" " ind2=" ">
      <subfield code="l">TEM</subfield>
      <subfield code="c">0</subfield>
      <subfield code="r">39074009991704</subfield>
      <subfield code="i">05/20/96 C</subfield>
    </datafield>
    <datafield tag="974" ind1="0" ind2="8">
      <subfield code="t">University Archives</subfield>
    </datafield>
    <datafield tag="979" ind1=" " ind2=" ">
      <subfield code="a">ocm34244982</subfield>
    </datafield>
    <datafield tag="998" ind1=" " ind2=" ">
      <subfield code="b">3</subfield>
      <subfield code="c">990101</subfield>
      <subfield code="d">m</subfield>
      <subfield code="e">a</subfield>
      <subfield code="f">-</subfield>
      <subfield code="g">0</subfield>
    </datafield>
    <datafield tag="998" ind1=" " ind2=" ">
      <subfield code="a">05/20/96</subfield>
      <subfield code="t">c</subfield>
      <subfield code="s">9110</subfield>
      <subfield code="l">PATG</subfield>
      <subfield code="n">PPT</subfield>
      <subfield code="w">PATG96B21155</subfield>
      <subfield code="d">05/13/96</subfield>
      <subfield code="c">MFK</subfield>
      <subfield code="b">MJ</subfield>
    </datafield>
    <datafield tag="ADM" ind1=" " ind2=" ">
      <subfield code="b">2020-09-08 23:12:11</subfield>
      <subfield code="e">b17280813-01tuli_inst</subfield>
      <subfield code="d">MARCIVE</subfield>
      <subfield code="f">20190607193705.0</subfield>
      <subfield code="a">2017-06-20 11:08:42</subfield>
      <subfield code="c">false</subfield>
    </datafield>
    <datafield tag="HLD" ind1="8" ind2=" ">
      <subfield code="b">SCRC</subfield>
      <subfield code="c">rarestacks</subfield>
      <subfield code="h">62 1996 B398</subfield>
      <subfield code="8">22309449160003811</subfield>
      <subfield code="updated">2017-07-18 21:08:57</subfield>
      <subfield code="created">2017-06-20 11:08:42</subfield>
    </datafield>
    <datafield tag="HLD" ind1="0" ind2=" ">
      <subfield code="b">ASRS</subfield>
      <subfield code="c">ASRS</subfield>
      <subfield code="h"> E184.A1B33 1996 </subfield>
      <subfield code="8">22458954450003811</subfield>
      <subfield code="updated">2019-04-21 16:25:49</subfield>
      <subfield code="created">2019-04-21 16:25:45</subfield>
    </datafield>
    <datafield tag="HLD" ind1="0" ind2=" ">
      <subfield code="b">AMBLER</subfield>
      <subfield code="c">stacks</subfield>
      <subfield code="h">E184.A1B33 1996</subfield>
      <subfield code="8">22309449140003811</subfield>
      <subfield code="created">2017-06-20 11:08:42</subfield>
    </datafield>
    <datafield tag="ITM" ind1=" " ind2=" ">
      <subfield code="r">22458954450003811</subfield>
      <subfield code="b">1</subfield>
      <subfield code="h">0</subfield>
      <subfield code="g">ASRS</subfield>
      <subfield code="t">BOOK</subfield>
      <subfield code="9">39074010851368</subfield>
      <subfield code="e">ASRS</subfield>
      <subfield code="8">23309449170003811</subfield>
      <subfield code="a">0</subfield>
      <subfield code="i">E184.A1B33 1996</subfield>
      <subfield code="updated">2019-04-21 16:26:18</subfield>
      <subfield code="q">2017-06-20 11:08:42</subfield>
      <subfield code="d">ASRS</subfield>
      <subfield code="f">ASRS</subfield>
    </datafield>
    <datafield tag="ITM" ind1=" " ind2=" ">
      <subfield code="r">22309449160003811</subfield>
      <subfield code="b">1</subfield>
      <subfield code="h">8</subfield>
      <subfield code="g">rarestacks</subfield>
      <subfield code="t">BOOK</subfield>
      <subfield code="9">39074009991704</subfield>
      <subfield code="e">rarestacks</subfield>
      <subfield code="8">23309449150003811</subfield>
      <subfield code="a">4</subfield>
      <subfield code="i">62 1996 B398</subfield>
      <subfield code="updated">2018-09-24 18:53:41</subfield>
      <subfield code="q">2017-06-20 11:08:42</subfield>
      <subfield code="d">SCRC</subfield>
      <subfield code="f">SCRC</subfield>
    </datafield>
    <datafield tag="ITM" ind1=" " ind2=" ">
      <subfield code="r">22309449140003811</subfield>
      <subfield code="b">1</subfield>
      <subfield code="h">0</subfield>
      <subfield code="g">stacks</subfield>
      <subfield code="t">BOOK</subfield>
      <subfield code="9">39074016372344</subfield>
      <subfield code="e">stacks</subfield>
      <subfield code="8">23309449130003811</subfield>
      <subfield code="a">0</subfield>
      <subfield code="i">E184.A1B33 1996</subfield>
      <subfield code="updated">2017-06-20 11:09:17</subfield>
      <subfield code="q">2017-06-20 11:08:42</subfield>
      <subfield code="d">AMBLER</subfield>
      <subfield code="f">AMBLER</subfield>
    </datafield>
  </record>