
  <record>
    <leader>02806nam a2200541 a 4500</leader>
    <controlfield tag="005">20190716045950.0</controlfield>
    <controlfield tag="008">941121t19941994nyu      b    001 0 eng  </controlfield>
    <controlfield tag="001">991033250309703811</controlfield>
    <datafield tag="010" ind1=" " ind2=" ">
      <subfield code="a">93040597</subfield>
    </datafield>
    <datafield tag="020" ind1=" " ind2=" ">
      <subfield code="a">079142085X</subfield>
      <subfield code="q">acid-free</subfield>
    </datafield>
    <datafield tag="020" ind1=" " ind2=" ">
      <subfield code="a">0791420868</subfield>
      <subfield code="q">paperback</subfield>
      <subfield code="q">acid-free</subfield>
    </datafield>
    <datafield tag="035" ind1=" " ind2=" ">
      <subfield code="a">(PPT)b1682734x-01tuli_inst</subfield>
    </datafield>
    <datafield tag="035" ind1=" " ind2=" ">
      <subfield code="a">(CStRLIN)ocn476953051</subfield>
      <subfield code="9">ExL</subfield>
    </datafield>
    <datafield tag="035" ind1=" " ind2=" ">
      <subfield code="a">PATG94-B42152</subfield>
    </datafield>
    <datafield tag="035" ind1=" " ind2=" ">
      <subfield code="a">ocm29477833</subfield>
    </datafield>
    <datafield tag="035" ind1=" " ind2=" ">
      <subfield code="a">(OCLC)ocm29477833</subfield>
    </datafield>
    <datafield tag="040" ind1=" " ind2=" ">
      <subfield code="a">DLC</subfield>
      <subfield code="b">eng</subfield>
      <subfield code="c">DLC</subfield>
      <subfield code="d">DLC</subfield>
    </datafield>
    <datafield tag="043" ind1=" " ind2=" ">
      <subfield code="a">e-fr---</subfield>
    </datafield>
    <datafield tag="079" ind1=" " ind2=" ">
      <subfield code="a">ocm29477833</subfield>
    </datafield>
    <datafield tag="090" ind1=" " ind2=" ">
      <subfield code="a">LC1506.F8R35 1994</subfield>
    </datafield>
    <datafield tag="100" ind1="1" ind2=" ">
      <subfield code="a">Raissiguier, Catherine,</subfield>
      <subfield code="d">1957-</subfield>
      <subfield code="0">http://id.loc.gov/authorities/names/n93113764</subfield>
    </datafield>
    <datafield tag="245" ind1="1" ind2="0">
      <subfield code="a">Becoming women, becoming workers :</subfield>
      <subfield code="b">identity formation in a French vocational school /</subfield>
      <subfield code="c">Catherine Raissiguier.</subfield>
    </datafield>
    <datafield tag="264" ind1=" " ind2="1">
      <subfield code="a">Albany :</subfield>
      <subfield code="b">State University of New York Press,</subfield>
      <subfield code="c">[1994]</subfield>
    </datafield>
    <datafield tag="264" ind1=" " ind2="4">
      <subfield code="c">&#xA9;1994</subfield>
    </datafield>
    <datafield tag="300" ind1=" " ind2=" ">
      <subfield code="a">xii, 211 pages ;</subfield>
      <subfield code="c">24 cm.</subfield>
    </datafield>
    <datafield tag="336" ind1=" " ind2=" ">
      <subfield code="a">text</subfield>
      <subfield code="b">txt</subfield>
      <subfield code="2">rdacontent</subfield>
    </datafield>
    <datafield tag="337" ind1=" " ind2=" ">
      <subfield code="a">unmediated</subfield>
      <subfield code="b">n</subfield>
      <subfield code="2">rdamedia</subfield>
    </datafield>
    <datafield tag="338" ind1=" " ind2=" ">
      <subfield code="a">volume</subfield>
      <subfield code="b">nc</subfield>
      <subfield code="2">rdacarrier</subfield>
    </datafield>
    <datafield tag="490" ind1="1" ind2=" ">
      <subfield code="a">SUNY series, power, social identity, and education</subfield>
    </datafield>
    <datafield tag="504" ind1=" " ind2=" ">
      <subfield code="a">Includes bibliographical references (pages [193]-207) and index.</subfield>
    </datafield>
    <datafield tag="650" ind1=" " ind2="0">
      <subfield code="a">Women</subfield>
      <subfield code="x">Vocational education</subfield>
      <subfield code="0">http://id.loc.gov/authorities/subjects/sh85147352</subfield>
      <subfield code="x">Social aspects</subfield>
      <subfield code="0">http://id.loc.gov/authorities/subjects/sh00002758</subfield>
      <subfield code="z">France</subfield>
      <subfield code="0">http://id.loc.gov/authorities/names/n79006404</subfield>
      <subfield code="x">Case studies.</subfield>
      <subfield code="0">http://id.loc.gov/authorities/subjects/sh2016001578</subfield>
    </datafield>
    <datafield tag="650" ind1=" " ind2="7">
      <subfield code="a">Women</subfield>
      <subfield code="x">Vocational education</subfield>
      <subfield code="x">Social aspects.</subfield>
      <subfield code="2">fast</subfield>
      <subfield code="0">http://id.worldcat.org/fast/1177027</subfield>
    </datafield>
    <datafield tag="650" ind1=" " ind2="0">
      <subfield code="a">Working class women</subfield>
      <subfield code="x">Education</subfield>
      <subfield code="x">Social aspects</subfield>
      <subfield code="z">France</subfield>
      <subfield code="x">Case studies.</subfield>
      <subfield code="0">http://id.loc.gov/authorities/subjects/sh85148176</subfield>
      <subfield code="0">http://id.loc.gov/authorities/subjects/sh99005758</subfield>
      <subfield code="0">http://id.loc.gov/authorities/subjects/sh00002758</subfield>
      <subfield code="0">http://id.loc.gov/authorities/names/n79006404</subfield>
      <subfield code="0">http://id.loc.gov/authorities/subjects/sh2016001578</subfield>
    </datafield>
    <datafield tag="650" ind1=" " ind2="7">
      <subfield code="a">Working class women</subfield>
      <subfield code="x">Education.</subfield>
      <subfield code="2">fast</subfield>
      <subfield code="0">http://id.worldcat.org/fast/1180573</subfield>
    </datafield>
    <datafield tag="650" ind1=" " ind2="0">
      <subfield code="a">Identity (Psychology)</subfield>
      <subfield code="0">http://id.loc.gov/authorities/subjects/sh85064151</subfield>
      <subfield code="z">France</subfield>
      <subfield code="0">http://id.loc.gov/authorities/names/n79006404</subfield>
      <subfield code="x">Case studies.</subfield>
      <subfield code="0">http://id.loc.gov/authorities/subjects/sh2016001578</subfield>
    </datafield>
    <datafield tag="650" ind1=" " ind2="7">
      <subfield code="a">Identity (Psychology)</subfield>
      <subfield code="2">fast</subfield>
      <subfield code="0">http://id.worldcat.org/fast/966892</subfield>
    </datafield>
    <datafield tag="650" ind1="1" ind2="7">
      <subfield code="a">Identity (Psychology)</subfield>
      <subfield code="2">fast</subfield>
      <subfield code="0">http://id.worldcat.org/fast/966892</subfield>
    </datafield>
    <datafield tag="650" ind1="1" ind2="7">
      <subfield code="a">Working class women</subfield>
      <subfield code="x">Education.</subfield>
      <subfield code="2">fast</subfield>
      <subfield code="0">http://id.worldcat.org/fast/1180573</subfield>
    </datafield>
    <datafield tag="650" ind1="2" ind2="7">
      <subfield code="a">Social aspects.</subfield>
      <subfield code="2">fast</subfield>
      <subfield code="0">http://id.worldcat.org/fast/1354981</subfield>
    </datafield>
    <datafield tag="650" ind1=" " ind2="7">
      <subfield code="a">Working class women.</subfield>
      <subfield code="2">fast</subfield>
      <subfield code="0">http://id.worldcat.org/fast/1180569</subfield>
    </datafield>
    <datafield tag="650" ind1="1" ind2="7">
      <subfield code="a">Women</subfield>
      <subfield code="x">Vocational education</subfield>
      <subfield code="x">Social aspects.</subfield>
      <subfield code="2">fast</subfield>
      <subfield code="0">http://id.worldcat.org/fast/1177027</subfield>
    </datafield>
    <datafield tag="650" ind1=" " ind2="7">
      <subfield code="a">Women</subfield>
      <subfield code="x">Vocational education.</subfield>
      <subfield code="2">fast</subfield>
      <subfield code="0">http://id.worldcat.org/fast/1177024</subfield>
    </datafield>
    <datafield tag="651" ind1="2" ind2="7">
      <subfield code="a">France.</subfield>
      <subfield code="2">fast</subfield>
      <subfield code="0">http://id.worldcat.org/fast/1204289</subfield>
    </datafield>
    <datafield tag="830" ind1=" " ind2="0">
      <subfield code="a">SUNY series, power, social identity, and education.</subfield>
      <subfield code="0">http://id.loc.gov/authorities/names/n93113766</subfield>
    </datafield>
    <datafield tag="902" ind1=" " ind2=" ">
      <subfield code="a">091218</subfield>
    </datafield>
    <datafield tag="902" ind1=" " ind2=" ">
      <subfield code="a">MARCIVE-BF 20190703</subfield>
    </datafield>
    <datafield tag="904" ind1=" " ind2=" ">
      <subfield code="a">MARCIVE 20200629</subfield>
    </datafield>
    <datafield tag="907" ind1=" " ind2=" ">
      <subfield code="a">.b1682734x</subfield>
      <subfield code="b">k    </subfield>
      <subfield code="c">-</subfield>
    </datafield>
    <datafield tag="935" ind1=" " ind2=" ">
      <subfield code="a">00743612</subfield>
    </datafield>
    <datafield tag="945" ind1=" " ind2=" ">
      <subfield code="l">kstk </subfield>
      <subfield code="g">1</subfield>
    </datafield>
    <datafield tag="950" ind1=" " ind2=" ">
      <subfield code="l">P</subfield>
      <subfield code="i">11/21/94 N</subfield>
    </datafield>
    <datafield tag="955" ind1=" " ind2=" ">
      <subfield code="l">P</subfield>
      <subfield code="c">0</subfield>
      <subfield code="r">39074009727314</subfield>
      <subfield code="i">11/21/94 C</subfield>
    </datafield>
    <datafield tag="979" ind1=" " ind2=" ">
      <subfield code="a">ocm29477833</subfield>
    </datafield>
    <datafield tag="998" ind1=" " ind2=" ">
      <subfield code="b">1</subfield>
      <subfield code="c">990101</subfield>
      <subfield code="d">m</subfield>
      <subfield code="e">a</subfield>
      <subfield code="f">-</subfield>
      <subfield code="g">0</subfield>
    </datafield>
    <datafield tag="998" ind1=" " ind2=" ">
      <subfield code="a">11/21/94</subfield>
      <subfield code="t">c</subfield>
      <subfield code="s">9110</subfield>
      <subfield code="n">PPT</subfield>
      <subfield code="w">DCLC9340597B</subfield>
      <subfield code="d">11/21/94</subfield>
      <subfield code="c">ADS</subfield>
      <subfield code="b">AS</subfield>
      <subfield code="i">941121</subfield>
      <subfield code="l">PATG</subfield>
    </datafield>
    <datafield tag="ADM" ind1=" " ind2=" ">
      <subfield code="b">2020-09-08 22:05:06</subfield>
      <subfield code="e">b1682734x-01tuli_inst</subfield>
      <subfield code="d">MARCIVE</subfield>
      <subfield code="f">20190607231259.0</subfield>
      <subfield code="a">2017-06-20 08:29:25</subfield>
      <subfield code="c">false</subfield>
    </datafield>
    <datafield tag="HLD" ind1="0" ind2=" ">
      <subfield code="b">KARDON</subfield>
      <subfield code="c">p_remote</subfield>
      <subfield code="h">LC1506.F8R35 1994</subfield>
      <subfield code="8">22282686390003811</subfield>
      <subfield code="created">2017-06-20 08:29:25</subfield>
    </datafield>
    <datafield tag="ITM" ind1=" " ind2=" ">
      <subfield code="r">22282686390003811</subfield>
      <subfield code="b">1</subfield>
      <subfield code="h">0</subfield>
      <subfield code="g">p_remote</subfield>
      <subfield code="t">BOOK</subfield>
      <subfield code="9">39074009727314</subfield>
      <subfield code="e">p_remote</subfield>
      <subfield code="8">23282686360003811</subfield>
      <subfield code="a">0</subfield>
      <subfield code="i">LC1506.F8R35 1994</subfield>
      <subfield code="updated">2017-06-20 08:29:58</subfield>
      <subfield code="q">2017-06-20 08:29:25</subfield>
      <subfield code="d">KARDON</subfield>
      <subfield code="f">KARDON</subfield>
    </datafield>
  </record>