
  <record>
    <leader>02681pam a22005294a 4500</leader>
    <controlfield tag="005">20190716123745.0</controlfield>
    <controlfield tag="008">081120t20092009lau      b   s001 0 eng  </controlfield>
    <controlfield tag="001">991034500149703811</controlfield>
    <datafield tag="010" ind1=" " ind2=" ">
      <subfield code="a">2008050688</subfield>
    </datafield>
    <datafield tag="020" ind1=" " ind2=" ">
      <subfield code="a">9780807134351</subfield>
      <subfield code="q">cloth</subfield>
      <subfield code="q">alkaline paper</subfield>
    </datafield>
    <datafield tag="020" ind1=" " ind2=" ">
      <subfield code="a">080713435X</subfield>
      <subfield code="q">cloth</subfield>
      <subfield code="q">alkaline paper</subfield>
    </datafield>
    <datafield tag="035" ind1=" " ind2=" ">
      <subfield code="a">(PPT)b39900034-01tuli_inst</subfield>
    </datafield>
    <datafield tag="035" ind1=" " ind2=" ">
      <subfield code="a">(OCoLC)ocn492886375</subfield>
      <subfield code="9">ExL</subfield>
    </datafield>
    <datafield tag="035" ind1=" " ind2=" ">
      <subfield code="a">(OCoLC)276771407</subfield>
    </datafield>
    <datafield tag="035" ind1=" " ind2=" ">
      <subfield code="a">ocn276771407</subfield>
    </datafield>
    <datafield tag="035" ind1=" " ind2=" ">
      <subfield code="a">(OCLC)ocn276771407</subfield>
    </datafield>
    <datafield tag="040" ind1=" " ind2=" ">
      <subfield code="a">DLC</subfield>
      <subfield code="b">eng</subfield>
      <subfield code="c">DLC</subfield>
      <subfield code="d">YDXCP</subfield>
      <subfield code="d">C#P</subfield>
    </datafield>
    <datafield tag="079" ind1=" " ind2=" ">
      <subfield code="a">ocn276771407</subfield>
    </datafield>
    <datafield tag="090" ind1=" " ind2=" ">
      <subfield code="a">PS173.A26</subfield>
      <subfield code="b">H43 2009</subfield>
    </datafield>
    <datafield tag="100" ind1="1" ind2=" ">
      <subfield code="a">Hebert-Leiter, Maria.</subfield>
      <subfield code="0">http://id.loc.gov/authorities/names/n2008078532</subfield>
    </datafield>
    <datafield tag="245" ind1="1" ind2="0">
      <subfield code="a">Becoming Cajun, becoming American :</subfield>
      <subfield code="b">the Acadian in American literature from Longfellow to James Lee Burke /</subfield>
      <subfield code="c">Maria Hebert-Leiter.</subfield>
    </datafield>
    <datafield tag="264" ind1=" " ind2="1">
      <subfield code="a">Baton Rouge :</subfield>
      <subfield code="b">Louisiana State University Press,</subfield>
      <subfield code="c">[2009]</subfield>
    </datafield>
    <datafield tag="264" ind1=" " ind2="4">
      <subfield code="c">&#xA9;2009</subfield>
    </datafield>
    <datafield tag="300" ind1=" " ind2=" ">
      <subfield code="a">x, 200 pages ;</subfield>
      <subfield code="c">23 cm.</subfield>
    </datafield>
    <datafield tag="336" ind1=" " ind2=" ">
      <subfield code="a">text</subfield>
      <subfield code="b">txt</subfield>
      <subfield code="2">rdacontent</subfield>
    </datafield>
    <datafield tag="337" ind1=" " ind2=" ">
      <subfield code="a">unmediated</subfield>
      <subfield code="b">n</subfield>
      <subfield code="2">rdamedia</subfield>
    </datafield>
    <datafield tag="338" ind1=" " ind2=" ">
      <subfield code="a">volume</subfield>
      <subfield code="b">nc</subfield>
      <subfield code="2">rdacarrier</subfield>
    </datafield>
    <datafield tag="490" ind1="1" ind2=" ">
      <subfield code="a">Southern literary studies</subfield>
    </datafield>
    <datafield tag="504" ind1=" " ind2=" ">
      <subfield code="a">Includes bibliographical references (pages 177-190) and index.</subfield>
    </datafield>
    <datafield tag="505" ind1="0" ind2=" ">
      <subfield code="a">Introduction: from Acadian to American: the paradox of Cajun American identity -- Longfellow's Evangeline: the origins of American myth and Cajun memory -- How to become American: the irony of George Washington Cable's Bonaventure -- The awakening awakened: Cajun identity and female sexuality in the fiction of Kate Chopin -- Our Cajun America: twentieth-century revisions of Cajun representation -- The journey home: James Lee Burke's parable of Cajun assimilation -- Embracing difference: Cajuns take the next step in Cajun representation -- Conclusion: local pride, global connections: twenty-first-century Cajuns.</subfield>
    </datafield>
    <datafield tag="650" ind1=" " ind2="0">
      <subfield code="a">American literature</subfield>
      <subfield code="x">History and criticism.</subfield>
      <subfield code="0">http://id.loc.gov/authorities/subjects/sh85004351</subfield>
    </datafield>
    <datafield tag="650" ind1=" " ind2="0">
      <subfield code="a">Cajuns in literature.</subfield>
      <subfield code="0">http://id.loc.gov/authorities/subjects/sh2003005863</subfield>
    </datafield>
    <datafield tag="650" ind1=" " ind2="7">
      <subfield code="a">Cajuns in literature.</subfield>
      <subfield code="2">fast</subfield>
      <subfield code="0">http://id.worldcat.org/fast/843948</subfield>
    </datafield>
    <datafield tag="650" ind1=" " ind2="0">
      <subfield code="a">Acadians in literature.</subfield>
      <subfield code="0">http://id.loc.gov/authorities/subjects/sh93007818</subfield>
    </datafield>
    <datafield tag="650" ind1=" " ind2="7">
      <subfield code="a">Acadians in literature.</subfield>
      <subfield code="2">fast</subfield>
      <subfield code="0">http://id.worldcat.org/fast/795132</subfield>
    </datafield>
    <datafield tag="650" ind1=" " ind2="7">
      <subfield code="a">American literature.</subfield>
      <subfield code="2">fast</subfield>
      <subfield code="0">http://id.worldcat.org/fast/807113</subfield>
    </datafield>
    <datafield tag="830" ind1=" " ind2="0">
      <subfield code="a">Southern literary studies</subfield>
      <subfield code="0">http://id.loc.gov/authorities/names/n42022954</subfield>
    </datafield>
    <datafield tag="901" ind1=" " ind2=" ">
      <subfield code="a">BNA</subfield>
    </datafield>
    <datafield tag="901" ind1=" " ind2=" ">
      <subfield code="a">R9784082</subfield>
    </datafield>
    <datafield tag="902" ind1=" " ind2=" ">
      <subfield code="a">110512</subfield>
    </datafield>
    <datafield tag="902" ind1=" " ind2=" ">
      <subfield code="a">090610AB0701</subfield>
    </datafield>
    <datafield tag="902" ind1=" " ind2=" ">
      <subfield code="a">MARCIVE-BF 20190703</subfield>
    </datafield>
    <datafield tag="904" ind1=" " ind2=" ">
      <subfield code="a">MARCIVE 20200629</subfield>
    </datafield>
    <datafield tag="905" ind1="0" ind2="0">
      <subfield code="a">Southern literary studies</subfield>
    </datafield>
    <datafield tag="907" ind1=" " ind2=" ">
      <subfield code="a">.b39900034</subfield>
      <subfield code="b">p    </subfield>
      <subfield code="c">-</subfield>
    </datafield>
    <datafield tag="945" ind1=" " ind2=" ">
      <subfield code="l">pstk </subfield>
      <subfield code="g">1</subfield>
    </datafield>
    <datafield tag="979" ind1=" " ind2=" ">
      <subfield code="a">ocn276771407</subfield>
    </datafield>
    <datafield tag="998" ind1=" " ind2=" ">
      <subfield code="b">1</subfield>
      <subfield code="c">090618</subfield>
      <subfield code="d">m</subfield>
      <subfield code="e">a</subfield>
      <subfield code="f">-</subfield>
      <subfield code="g">0</subfield>
    </datafield>
    <datafield tag="ADM" ind1=" " ind2=" ">
      <subfield code="b">2020-07-24 13:27:18</subfield>
      <subfield code="e">b39900034-01tuli_inst</subfield>
      <subfield code="d">MARCIVE</subfield>
      <subfield code="f">20190607192051.0</subfield>
      <subfield code="a">2017-06-20 08:00:36</subfield>
      <subfield code="c">false</subfield>
    </datafield>
    <datafield tag="HLD" ind1="0" ind2=" ">
      <subfield code="b">ASRS</subfield>
      <subfield code="c">ASRS</subfield>
      <subfield code="h"> PS173.A26 </subfield>
      <subfield code="i"> H43 2009 </subfield>
      <subfield code="8">22460564540003811</subfield>
      <subfield code="updated">2019-04-25 12:52:43</subfield>
      <subfield code="created">2019-04-25 12:52:37</subfield>
    </datafield>
    <datafield tag="ITM" ind1=" " ind2=" ">
      <subfield code="r">22460564540003811</subfield>
      <subfield code="b">1</subfield>
      <subfield code="h">0</subfield>
      <subfield code="g">ASRS</subfield>
      <subfield code="t">BOOK</subfield>
      <subfield code="9">39074025430786</subfield>
      <subfield code="e">ASRS</subfield>
      <subfield code="8">23276026860003811</subfield>
      <subfield code="a">0</subfield>
      <subfield code="i">PS173.A26 H43 2009</subfield>
      <subfield code="updated">2019-04-25 12:53:03</subfield>
      <subfield code="q">2017-06-20 08:00:36</subfield>
      <subfield code="d">ASRS</subfield>
      <subfield code="f">ASRS</subfield>
    </datafield>
  </record>