
  <record>
    <leader>03796nam  2200517 i 4500</leader>
    <controlfield tag="001">991036744673703811</controlfield>
    <controlfield tag="005">20170810194808.0</controlfield>
    <controlfield tag="006">m     o  d        </controlfield>
    <controlfield tag="007">cr -n---------</controlfield>
    <controlfield tag="008">100505s2010    ne ab   ob    001 0 eng  </controlfield>
    <datafield tag="010" ind1=" " ind2=" ">
      <subfield code="z">  2010018298</subfield>
    </datafield>
    <datafield tag="020" ind1=" " ind2=" ">
      <subfield code="a">1-282-78710-1</subfield>
    </datafield>
    <datafield tag="020" ind1=" " ind2=" ">
      <subfield code="a">9786612787102</subfield>
    </datafield>
    <datafield tag="020" ind1=" " ind2=" ">
      <subfield code="a">90-04-18938-6</subfield>
    </datafield>
    <datafield tag="024" ind1="7" ind2=" ">
      <subfield code="a">10.1163/ej.9789004186460.i-272</subfield>
      <subfield code="2">DOI</subfield>
    </datafield>
    <datafield tag="035" ind1=" " ind2=" ">
      <subfield code="a">(CKB)2670000000046127</subfield>
    </datafield>
    <datafield tag="035" ind1=" " ind2=" ">
      <subfield code="a">(EBL)583726</subfield>
    </datafield>
    <datafield tag="035" ind1=" " ind2=" ">
      <subfield code="a">(OCoLC)668224716</subfield>
    </datafield>
    <datafield tag="035" ind1=" " ind2=" ">
      <subfield code="a">(SSID)ssj0000412595</subfield>
    </datafield>
    <datafield tag="035" ind1=" " ind2=" ">
      <subfield code="a">(PQKBManifestationID)11260323</subfield>
    </datafield>
    <datafield tag="035" ind1=" " ind2=" ">
      <subfield code="a">(PQKBTitleCode)TC0000412595</subfield>
    </datafield>
    <datafield tag="035" ind1=" " ind2=" ">
      <subfield code="a">(PQKBWorkID)10368649</subfield>
    </datafield>
    <datafield tag="035" ind1=" " ind2=" ">
      <subfield code="a">(PQKB)10313605</subfield>
    </datafield>
    <datafield tag="035" ind1=" " ind2=" ">
      <subfield code="a">(MiAaPQ)EBC583726</subfield>
    </datafield>
    <datafield tag="035" ind1=" " ind2=" ">
      <subfield code="a">(OCoLC)613992736</subfield>
    </datafield>
    <datafield tag="035" ind1=" " ind2=" ">
      <subfield code="a">(nllekb)BRILL9789004189386</subfield>
    </datafield>
    <datafield tag="035" ind1=" " ind2=" ">
      <subfield code="a">(EXLCZ)992670000000046127</subfield>
    </datafield>
    <datafield tag="040" ind1=" " ind2=" ">
      <subfield code="a">NL-LeKB</subfield>
      <subfield code="c">NL-LeKB</subfield>
      <subfield code="e">rda</subfield>
    </datafield>
    <datafield tag="041" ind1=" " ind2=" ">
      <subfield code="a">eng</subfield>
    </datafield>
    <datafield tag="043" ind1=" " ind2=" ">
      <subfield code="a">e-ci---</subfield>
      <subfield code="a">ed-----</subfield>
    </datafield>
    <datafield tag="050" ind1=" " ind2="4">
      <subfield code="a">DR1627</subfield>
      <subfield code="b">.D95 2010</subfield>
    </datafield>
    <datafield tag="082" ind1="0" ind2="0">
      <subfield code="a">949.72</subfield>
    </datafield>
    <datafield tag="100" ind1="1" ind2=" ">
      <subfield code="a">Dzino, Danijel.</subfield>
    </datafield>
    <datafield tag="245" ind1="1" ind2="0">
      <subfield code="a">Becoming Slav, becoming Croat :</subfield>
      <subfield code="b">identity transformations in post-Roman and early medieval Dalmatia /</subfield>
      <subfield code="c">by Danijel Dzino.</subfield>
    </datafield>
    <datafield tag="264" ind1=" " ind2="1">
      <subfield code="a">Leiden ;</subfield>
      <subfield code="a">Boston :</subfield>
      <subfield code="b">Brill,</subfield>
      <subfield code="c">2010.</subfield>
    </datafield>
    <datafield tag="300" ind1=" " ind2=" ">
      <subfield code="a">1 online resource (292 p.)</subfield>
    </datafield>
    <datafield tag="336" ind1=" " ind2=" ">
      <subfield code="a">text</subfield>
      <subfield code="b">txt</subfield>
    </datafield>
    <datafield tag="337" ind1=" " ind2=" ">
      <subfield code="a">computer</subfield>
      <subfield code="b">c</subfield>
    </datafield>
    <datafield tag="338" ind1=" " ind2=" ">
      <subfield code="a">online resource</subfield>
      <subfield code="b">cr</subfield>
    </datafield>
    <datafield tag="490" ind1="1" ind2=" ">
      <subfield code="a">East Central and Eastern Europe in the Middle Ages, 450-1450,</subfield>
      <subfield code="x">1872-8103 ;</subfield>
      <subfield code="v">v. 12</subfield>
    </datafield>
    <datafield tag="490" ind1="0" ind2=" ">
      <subfield code="a">Brill ebook titles</subfield>
    </datafield>
    <datafield tag="500" ind1=" " ind2=" ">
      <subfield code="a">Description based upon print version of record.</subfield>
    </datafield>
    <datafield tag="546" ind1=" " ind2=" ">
      <subfield code="a">English</subfield>
    </datafield>
    <datafield tag="504" ind1=" " ind2=" ">
      <subfield code="a">Includes bibliographical references and index.</subfield>
    </datafield>
    <datafield tag="505" ind1="0" ind2="0">
      <subfield code="t">Preliminary Material /</subfield>
      <subfield code="r">D. Dzino -- </subfield>
      <subfield code="t">Introduction /</subfield>
      <subfield code="r">D. Dzino -- </subfield>
      <subfield code="t">1. Croat Origins In The Croatian Imagination /</subfield>
      <subfield code="r">D. Dzino -- </subfield>
      <subfield code="t">2. Theoretical Framework And The Scholarship /</subfield>
      <subfield code="r">D. Dzino -- </subfield>
      <subfield code="t">3. Identities Before The Slavs /</subfield>
      <subfield code="r">D. Dzino -- </subfield>
      <subfield code="t">4. Illyricum And Dalmatia 378&#x2013;600 : A Very Brief Overview /</subfield>
      <subfield code="r">D. Dzino -- </subfield>
      <subfield code="t">5. Written Sources On The Slav Migration In The 6th And 7th Centuries In Western Illyricum And Dalmatia /</subfield>
      <subfield code="r">D. Dzino -- </subfield>
      <subfield code="t">6. The &#x201C;Dark Ages&#x201D;: 7th And 8th Century In Post-Roman Dalmatia I (Cemeteries) /</subfield>
      <subfield code="r">D. Dzino -- </subfield>
      <subfield code="t">7. The &#x201C;Dark Ages&#x201D;: 7th And 8th Century In Post-Roman Dalmatia II (Becoming Slavs) /</subfield>
      <subfield code="r">D. Dzino -- </subfield>
      <subfield code="t">8. The Ninth Century: Chroati Ex Machina /</subfield>
      <subfield code="r">D. Dzino -- </subfield>
      <subfield code="t">Conclusion /</subfield>
      <subfield code="r">D. Dzino -- </subfield>
      <subfield code="t">Appendix: List Of Dalmatian Rulers /</subfield>
      <subfield code="r">D. Dzino -- </subfield>
      <subfield code="t">Primary Sources /</subfield>
      <subfield code="r">D. Dzino -- </subfield>
      <subfield code="t">Bibliography Of Secondary Sources /</subfield>
      <subfield code="r">D. Dzino -- </subfield>
      <subfield code="t">Index /</subfield>
      <subfield code="r">D. Dzino.</subfield>
    </datafield>
    <datafield tag="520" ind1=" " ind2=" ">
      <subfield code="a">Late antique identities from the Western Balkans were transformed into new, Slavic identities after c. 600 AD. It was a process that is still having continuous impact on the discursive constructions of ethnic and regional identities in the area. Building on the new ways of reading and studying available sources from late antiquity and the early Middle Ages, the book explores the appearance of the Croats in early medieval Dalmatia (the southern parts of modern-day Croatia, Bosnia and Herzegovina). The appearance of the early medieval Croat identity is seen as a part of the wider process of identity-transformations in post-Roman Europe, the ultimate result of the identity-negotiation between the descendants of the late antique population and the immigrant groups.</subfield>
    </datafield>
    <datafield tag="650" ind1=" " ind2="0">
      <subfield code="a">Slavs</subfield>
      <subfield code="x">Ethnic identity</subfield>
      <subfield code="x">History</subfield>
      <subfield code="y">To 1500.</subfield>
    </datafield>
    <datafield tag="650" ind1=" " ind2="0">
      <subfield code="a">Croats</subfield>
      <subfield code="x">Ethnic identity</subfield>
      <subfield code="x">History</subfield>
      <subfield code="y">To 1500.</subfield>
    </datafield>
    <datafield tag="650" ind1=" " ind2="0">
      <subfield code="a">Ethnicity</subfield>
      <subfield code="z">Croatia</subfield>
      <subfield code="z">Dalmatia</subfield>
      <subfield code="x">History</subfield>
      <subfield code="y">To 1500.</subfield>
    </datafield>
    <datafield tag="650" ind1=" " ind2="0">
      <subfield code="a">Group identity</subfield>
      <subfield code="z">Croatia</subfield>
      <subfield code="z">Dalmatia</subfield>
      <subfield code="x">History</subfield>
      <subfield code="y">To 1500.</subfield>
    </datafield>
    <datafield tag="650" ind1=" " ind2="0">
      <subfield code="a">Social change</subfield>
      <subfield code="z">Croatia</subfield>
      <subfield code="z">Dalmatia</subfield>
      <subfield code="x">History</subfield>
      <subfield code="y">To 1500.</subfield>
    </datafield>
    <datafield tag="651" ind1=" " ind2="0">
      <subfield code="a">Dalmatia (Croatia)</subfield>
      <subfield code="x">History.</subfield>
    </datafield>
    <datafield tag="651" ind1=" " ind2="0">
      <subfield code="a">Illyria</subfield>
      <subfield code="x">History.</subfield>
    </datafield>
    <datafield tag="651" ind1=" " ind2="0">
      <subfield code="a">Dalmatia (Croatia)</subfield>
      <subfield code="x">Ethnic relations.</subfield>
    </datafield>
    <datafield tag="651" ind1=" " ind2="0">
      <subfield code="a">Croatia</subfield>
      <subfield code="x">History</subfield>
      <subfield code="y">To 1102.</subfield>
    </datafield>
    <datafield tag="655" ind1=" " ind2="4">
      <subfield code="a">Electronic books.</subfield>
    </datafield>
    <datafield tag="776" ind1=" " ind2=" ">
      <subfield code="z">90-04-18646-8</subfield>
    </datafield>
    <datafield tag="830" ind1=" " ind2="0">
      <subfield code="a">East Central and Eastern Europe in the Middle Ages, 450-1450</subfield>
      <subfield code="v">12.</subfield>
    </datafield>
    <datafield tag="906" ind1=" " ind2=" ">
      <subfield code="a">BOOK</subfield>
    </datafield>
    <datafield tag="ADM" ind1=" " ind2=" ">
      <subfield code="b">2020-01-18 13:15:32</subfield>
      <subfield code="e">992670000000046127</subfield>
      <subfield code="d">NON_SFX</subfield>
      <subfield code="f">20160803134623.0</subfield>
      <subfield code="a">2012-02-26 02:20:03</subfield>
      <subfield code="c">false</subfield>
    </datafield>
    <datafield tag="PRT" ind1=" " ind2=" ">
      <subfield code="updated">2017-07-08 15:39:45</subfield>
      <subfield code="i">61395691750003811</subfield>
      <subfield code="e">EBSCOhost</subfield>
      <subfield code="c">EBSCOhost eBook Community College Collection</subfield>
      <subfield code="created">2017-07-08 15:39:03</subfield>
      <subfield code="j">62395691740003811</subfield>
      <subfield code="a">53396451190003811</subfield>
      <subfield code="b">https://sandbox01-na.alma.exlibrisgroup.com/view/uresolver/01TULI_INST/openurl?u.ignore_date_coverage=true&amp;rft.mms_id=991036744673703811</subfield>
      <subfield code="9">Available</subfield>
      <subfield code="h">613860000000000003</subfield>
      <subfield code="8">53396451190003811</subfield>
    </datafield>
    <datafield tag="PRT" ind1=" " ind2=" ">
      <subfield code="updated">2017-07-08 06:40:03</subfield>
      <subfield code="i">61391921830003811</subfield>
      <subfield code="e">EBSCOhost</subfield>
      <subfield code="c">EBSCOhost Academic eBook Collection (North America)</subfield>
      <subfield code="created">2017-07-08 06:38:01</subfield>
      <subfield code="j">62391921820003811</subfield>
      <subfield code="a">53394336100003811</subfield>
      <subfield code="b">https://sandbox01-na.alma.exlibrisgroup.com/view/uresolver/01TULI_INST/openurl?u.ignore_date_coverage=true&amp;rft.mms_id=991036744673703811</subfield>
      <subfield code="9">Available</subfield>
      <subfield code="h">613640000000000029</subfield>
      <subfield code="8">53394336100003811</subfield>
    </datafield>
    <datafield tag="PRT" ind1=" " ind2=" ">
      <subfield code="updated">2018-03-18 05:59:45</subfield>
      <subfield code="i">61406135080003811</subfield>
      <subfield code="e">EBSCOhost</subfield>
      <subfield code="c">EBSCOhost eBook History Collection - North America</subfield>
      <subfield code="created">2017-12-18 21:27:25</subfield>
      <subfield code="j">62406135070003811</subfield>
      <subfield code="a">53406486240003811</subfield>
      <subfield code="b">https://sandbox01-na.alma.exlibrisgroup.com/view/uresolver/01TULI_INST/openurl?u.ignore_date_coverage=true&amp;rft.mms_id=991036744673703811</subfield>
      <subfield code="9">Available</subfield>
      <subfield code="h">613790000000001582</subfield>
      <subfield code="8">53406486240003811</subfield>
    </datafield>
    <datafield tag="PRT" ind1=" " ind2=" ">
      <subfield code="updated">2018-04-19 01:22:14</subfield>
      <subfield code="i">61419889170003811</subfield>
      <subfield code="e">Ebook Central</subfield>
      <subfield code="c">Ebook Central Academic Complete</subfield>
      <subfield code="created">2018-04-19 01:21:30</subfield>
      <subfield code="j">62419889160003811</subfield>
      <subfield code="a">53421836390003811</subfield>
      <subfield code="b">https://sandbox01-na.alma.exlibrisgroup.com/view/uresolver/01TULI_INST/openurl?u.ignore_date_coverage=true&amp;rft.mms_id=991036744673703811</subfield>
      <subfield code="9">Available</subfield>
      <subfield code="h">614200000000000002</subfield>
      <subfield code="8">53421836390003811</subfield>
    </datafield>
  </record>