
  <record>
    <leader>03728pam  2200469 i 4500</leader>
    <controlfield tag="005">20190930174858.0</controlfield>
    <controlfield tag="008">190325t20192019nyua     b    001 0 eng  </controlfield>
    <controlfield tag="001">991037299143003811</controlfield>
    <datafield tag="010" ind1=" " ind2=" ">
      <subfield code="a">  2019014419</subfield>
    </datafield>
    <datafield tag="020" ind1=" " ind2=" ">
      <subfield code="a">9780815636182</subfield>
      <subfield code="q">(hardcover ;</subfield>
      <subfield code="q">alk. paper)</subfield>
    </datafield>
    <datafield tag="020" ind1=" " ind2=" ">
      <subfield code="a">0815636180</subfield>
      <subfield code="q">(hardcover ;</subfield>
      <subfield code="q">alk. paper)</subfield>
    </datafield>
    <datafield tag="020" ind1=" " ind2=" ">
      <subfield code="a">9780815636366</subfield>
      <subfield code="q">(pbk. ;</subfield>
      <subfield code="q">alk. paper)</subfield>
    </datafield>
    <datafield tag="020" ind1=" " ind2=" ">
      <subfield code="a">0815636369</subfield>
      <subfield code="q">(pbk. ;</subfield>
      <subfield code="q">alk. paper)</subfield>
    </datafield>
    <datafield tag="035" ind1=" " ind2=" ">
      <subfield code="a">(OCoLC)1078886045</subfield>
    </datafield>
    <datafield tag="040" ind1=" " ind2=" ">
      <subfield code="a">DLC</subfield>
      <subfield code="b">eng</subfield>
      <subfield code="e">rda</subfield>
      <subfield code="c">DLC</subfield>
      <subfield code="d">OCLCF</subfield>
      <subfield code="d">OCLCO</subfield>
      <subfield code="d">CDX</subfield>
    </datafield>
    <datafield tag="042" ind1=" " ind2=" ">
      <subfield code="a">pcc</subfield>
    </datafield>
    <datafield tag="050" ind1="0" ind2="0">
      <subfield code="a">PN1992.77.H336</subfield>
      <subfield code="b">B43 2019</subfield>
    </datafield>
    <datafield tag="082" ind1="0" ind2="0">
      <subfield code="a">791.45/72</subfield>
      <subfield code="2">23</subfield>
    </datafield>
    <datafield tag="245" ind1="0" ind2="0">
      <subfield code="a">Becoming :</subfield>
      <subfield code="b">genre, queerness, and transformation in NBC's Hannibal /</subfield>
      <subfield code="c">edited by Kavita Mudan Finn and EJ Nielsen ; with a foreword by Janice Poon.</subfield>
    </datafield>
    <datafield tag="250" ind1=" " ind2=" ">
      <subfield code="a">First edition.</subfield>
    </datafield>
    <datafield tag="264" ind1=" " ind2="1">
      <subfield code="a">Syracuse, New York :</subfield>
      <subfield code="b">Syracuse University Press,</subfield>
      <subfield code="c">2019.</subfield>
    </datafield>
    <datafield tag="264" ind1=" " ind2="4">
      <subfield code="c">&#x2117;&#x266D;2019</subfield>
    </datafield>
    <datafield tag="300" ind1=" " ind2=" ">
      <subfield code="a">xiii, 321 pages :</subfield>
      <subfield code="b">color illustrations ;</subfield>
      <subfield code="c">24 cm.</subfield>
    </datafield>
    <datafield tag="336" ind1=" " ind2=" ">
      <subfield code="a">text</subfield>
      <subfield code="b">txt</subfield>
      <subfield code="2">rdacontent</subfield>
    </datafield>
    <datafield tag="337" ind1=" " ind2=" ">
      <subfield code="a">unmediated</subfield>
      <subfield code="b">n</subfield>
      <subfield code="2">rdamedia</subfield>
    </datafield>
    <datafield tag="338" ind1=" " ind2=" ">
      <subfield code="a">volume</subfield>
      <subfield code="b">nc</subfield>
      <subfield code="2">rdacarrier</subfield>
    </datafield>
    <datafield tag="490" ind1="1" ind2=" ">
      <subfield code="a">Television and popular culture</subfield>
    </datafield>
    <datafield tag="504" ind1=" " ind2=" ">
      <subfield code="a">Includes bibliographical references and index.</subfield>
    </datafield>
    <datafield tag="505" ind1="0" ind2=" ">
      <subfield code="a">Introduction: a love crime / Kavita Mudan Finn and EJ Nielsen -- The Hannibalization of America: The Cannibal gourmet as Promethean gift giver / Andrew Owen and Leanne Havis -- Hannibal Lecter's monstrous return: The horror of seriality in Bryan Fuller's Hannibal / Jessica Balanzategui, Naja Later, and Tara Lomax -- "Adapt. Evolve. Become.": queering Red Dragon in Bryan Fuller's Hannibal / Ellie Lewerenz -- Monstrous masculinities in gothic romance: Will Graham, Jane Eyre, and Caleb Williams / Evan Hayles Gledhill -- "Whispering through the Chrysalis": Hannibal Lecter and the poetics of mentorship / Gabriel A. Rieger -- The great Red Dragon: Francis Dolarhyde and queer readings of Skin / Evelyn Deshane -- Hannibal and the cannibal: tracking colonial imaginaries / Samira Nadkarni and Rukmini Pande -- Bedelia Du Maurier: Hannibal's femme fatale and Final Girl / Kara M. French -- "Some lazy psychiatry, Dr. Lecter": teacups, narrative, and Hannibal's critique of psychoanalysis / Karen Felts -- "Do you see?": clues, reasoning, and connoisseurship / Michelle D. Miranda -- Fannibals are still hungry: feeding Hannibal and other series companion cookbooks as immersive fan experience / Amanda Ewoldt -- Hannibal: adaptation and authorship in the age of fan production / Lori Morimoto -- Rei(g)ning Lecter: an interview with series writer Nick Antosca on Hannibal / Matthew Sorrento -- Appendix: Hannibal episodes.</subfield>
    </datafield>
    <datafield tag="650" ind1=" " ind2="0">
      <subfield code="a">Homosexuality on television.</subfield>
      <subfield code="0">http://id.loc.gov/authorities/subjects/sh92006178</subfield>
    </datafield>
    <datafield tag="650" ind1=" " ind2="7">
      <subfield code="a">Homosexuality on television.</subfield>
      <subfield code="2">fast</subfield>
      <subfield code="0">http://id.worldcat.org/fast/959836</subfield>
    </datafield>
    <datafield tag="650" ind1=" " ind2="0">
      <subfield code="a">Homosexuality and television.</subfield>
      <subfield code="0">http://id.loc.gov/authorities/subjects/sh2005005501</subfield>
    </datafield>
    <datafield tag="650" ind1=" " ind2="7">
      <subfield code="a">Homosexuality and television.</subfield>
      <subfield code="2">fast</subfield>
      <subfield code="0">http://id.worldcat.org/fast/1738020</subfield>
    </datafield>
    <datafield tag="630" ind1="0" ind2="0">
      <subfield code="a">Hannibal (Television program : 2013-2015)</subfield>
      <subfield code="0">http://id.loc.gov/authorities/names/no2017112946</subfield>
    </datafield>
    <datafield tag="776" ind1="0" ind2="8">
      <subfield code="i">Online version:</subfield>
      <subfield code="t">Becoming</subfield>
      <subfield code="b">First edition.</subfield>
      <subfield code="d">Syracuse, New York : Syracuse University Press, 2019</subfield>
      <subfield code="z">9780815654643</subfield>
      <subfield code="w">(DLC)  2019014696</subfield>
    </datafield>
    <datafield tag="700" ind1="1" ind2=" ">
      <subfield code="a">Mudan Finn, Kavita,</subfield>
      <subfield code="d">1983-</subfield>
      <subfield code="0">http://id.loc.gov/authorities/names/no2011034730</subfield>
      <subfield code="e">editor of compilation.</subfield>
    </datafield>
    <datafield tag="700" ind1="1" ind2=" ">
      <subfield code="a">Nielsen, E. J.,</subfield>
      <subfield code="e">editor of compilation.</subfield>
      <subfield code="0">http://id.loc.gov/authorities/names/n2019015741</subfield>
    </datafield>
    <datafield tag="830" ind1=" " ind2="0">
      <subfield code="a">Television series (Syracuse, N.Y.)</subfield>
      <subfield code="0">http://id.loc.gov/authorities/names/n94122892</subfield>
    </datafield>
    <datafield tag="904" ind1=" " ind2=" ">
      <subfield code="a">MARCIVE 20190920</subfield>
    </datafield>
    <datafield tag="945" ind1=" " ind2="1">
      <subfield code="i">39074031782212</subfield>
      <subfield code="k">MAIN</subfield>
      <subfield code="l">stacks</subfield>
      <subfield code="a">PN1992.77.H336</subfield>
      <subfield code="b">B43 2019</subfield>
      <subfield code="z">090</subfield>
    </datafield>
    <datafield tag="979" ind1=" " ind2=" ">
      <subfield code="a">(OCoLC)1078886045</subfield>
    </datafield>
    <datafield tag="997" ind1=" " ind2=" ">
      <subfield code="a">20190911</subfield>
      <subfield code="d">TEU</subfield>
      <subfield code="c">COUTTS-SR</subfield>
      <subfield code="e">WCAT</subfield>
    </datafield>
    <datafield tag="ADM" ind1=" " ind2=" ">
      <subfield code="b">2019-09-30 21:48:58</subfield>
      <subfield code="e">on1078886045</subfield>
      <subfield code="d">OCLC</subfield>
      <subfield code="f">20190920104115.0</subfield>
      <subfield code="a">2019-08-29 14:12:54</subfield>
      <subfield code="c">false</subfield>
    </datafield>
    <datafield tag="HLD" ind1="0" ind2=" ">
      <subfield code="b">MAIN</subfield>
      <subfield code="c">stacks</subfield>
      <subfield code="h">PN1992.77.H336</subfield>
      <subfield code="i">B43 2019</subfield>
      <subfield code="8">22472764740003811</subfield>
      <subfield code="updated">2019-08-29 14:14:32</subfield>
      <subfield code="created">2019-08-29 14:14:32</subfield>
    </datafield>
    <datafield tag="ITM" ind1=" " ind2=" ">
      <subfield code="r">22472764740003811</subfield>
      <subfield code="b">1</subfield>
      <subfield code="h">0</subfield>
      <subfield code="g">stacks</subfield>
      <subfield code="t">BOOK</subfield>
      <subfield code="9">39074031782212</subfield>
      <subfield code="e">stacks</subfield>
      <subfield code="l">0</subfield>
      <subfield code="8">23472764710003811</subfield>
      <subfield code="a">0</subfield>
      <subfield code="i">PN1992.77.H336 B43 2019</subfield>
      <subfield code="updated">2019-09-19 16:38:01</subfield>
      <subfield code="q">2019-08-29 14:14:32</subfield>
      <subfield code="d">MAIN</subfield>
      <subfield code="f">MAIN</subfield>
    </datafield>
  </record>