
  <record>
    <leader>01284nam  2200325Ia 4500</leader>
    <controlfield tag="001">991036744576503811</controlfield>
    <controlfield tag="005">20170815155252.0</controlfield>
    <controlfield tag="006">m     o  d |      </controlfield>
    <controlfield tag="007">cr -n---------</controlfield>
    <controlfield tag="008">120529s2012    nyub    ob    001 0 eng d</controlfield>
    <datafield tag="010" ind1=" " ind2=" ">
      <subfield code="z">  2012021807</subfield>
    </datafield>
    <datafield tag="020" ind1=" " ind2=" ">
      <subfield code="a">1-283-57531-0</subfield>
    </datafield>
    <datafield tag="020" ind1=" " ind2=" ">
      <subfield code="a">9786613887764</subfield>
    </datafield>
    <datafield tag="020" ind1=" " ind2=" ">
      <subfield code="a">0-85728-531-9</subfield>
    </datafield>
    <datafield tag="035" ind1=" " ind2=" ">
      <subfield code="a">(CKB)2670000000237846</subfield>
    </datafield>
    <datafield tag="035" ind1=" " ind2=" ">
      <subfield code="a">(EBL)1014659</subfield>
    </datafield>
    <datafield tag="035" ind1=" " ind2=" ">
      <subfield code="a">(OCoLC)808616256</subfield>
    </datafield>
    <datafield tag="035" ind1=" " ind2=" ">
      <subfield code="a">(SSID)ssj0000704506</subfield>
    </datafield>
    <datafield tag="035" ind1=" " ind2=" ">
      <subfield code="a">(PQKBManifestationID)11410698</subfield>
    </datafield>
    <datafield tag="035" ind1=" " ind2=" ">
      <subfield code="a">(PQKBTitleCode)TC0000704506</subfield>
    </datafield>
    <datafield tag="035" ind1=" " ind2=" ">
      <subfield code="a">(PQKBWorkID)10705467</subfield>
    </datafield>
    <datafield tag="035" ind1=" " ind2=" ">
      <subfield code="a">(PQKB)10831779</subfield>
    </datafield>
    <datafield tag="035" ind1=" " ind2=" ">
      <subfield code="a">(UkCbUP)CR9780857285317</subfield>
    </datafield>
    <datafield tag="035" ind1=" " ind2=" ">
      <subfield code="a">(MiAaPQ)EBC1014659</subfield>
    </datafield>
    <datafield tag="035" ind1=" " ind2=" ">
      <subfield code="a">(EXLCZ)992670000000237846</subfield>
    </datafield>
    <datafield tag="040" ind1=" " ind2=" ">
      <subfield code="a">MiAaPQ</subfield>
      <subfield code="c">MiAaPQ</subfield>
      <subfield code="d">MiAaPQ</subfield>
    </datafield>
    <datafield tag="041" ind1=" " ind2=" ">
      <subfield code="a">eng</subfield>
    </datafield>
    <datafield tag="043" ind1=" " ind2=" ">
      <subfield code="a">a-io---</subfield>
    </datafield>
    <datafield tag="050" ind1=" " ind2="4">
      <subfield code="a">GN635.I65</subfield>
      <subfield code="b">R47 2012</subfield>
    </datafield>
    <datafield tag="082" ind1="0" ind2="0">
      <subfield code="a">305.8009598/2</subfield>
      <subfield code="a">305.80095982</subfield>
    </datafield>
    <datafield tag="100" ind1="1" ind2=" ">
      <subfield code="a">Retsikas, Konstantinos.</subfield>
    </datafield>
    <datafield tag="245" ind1="1" ind2="0">
      <subfield code="a">Becoming</subfield>
      <subfield code="h">[electronic resource] :</subfield>
      <subfield code="b">an anthropological approach to understandings of the person in Java /</subfield>
      <subfield code="c">Konstantinos Retsikas.</subfield>
    </datafield>
    <datafield tag="260" ind1=" " ind2=" ">
      <subfield code="a">New York :</subfield>
      <subfield code="b">Anthem Press,</subfield>
      <subfield code="c">c2012.</subfield>
    </datafield>
    <datafield tag="300" ind1=" " ind2=" ">
      <subfield code="a">1 online resource (252 p.)</subfield>
    </datafield>
    <datafield tag="336" ind1=" " ind2=" ">
      <subfield code="a">text</subfield>
      <subfield code="b">txt</subfield>
    </datafield>
    <datafield tag="337" ind1=" " ind2=" ">
      <subfield code="a">computer</subfield>
      <subfield code="b">c</subfield>
    </datafield>
    <datafield tag="338" ind1=" " ind2=" ">
      <subfield code="a">online resource</subfield>
      <subfield code="b">cr</subfield>
    </datafield>
    <datafield tag="490" ind1="0" ind2=" ">
      <subfield code="a">Anthem Southeast Asian Studies. Becoming </subfield>
    </datafield>
    <datafield tag="500" ind1=" " ind2=" ">
      <subfield code="a">Description based upon print version of record.</subfield>
    </datafield>
    <datafield tag="505" ind1="0" ind2=" ">
      <subfield code="a">Becoming An Anthropological Approach to Understandings of the Person in Java; CONTENTS; LIST OF MAPS AND FIGURES; ACKNOWLEDGEMENTS; PROLEGOMENON; Subjects as motion; Becoming; Chapter 1 THE BECOMING OF PLACE: MOVING, CLEARING, INHABITING; The unity of the beginning; The diversity of poverty; The civility of emplacement; Becoming-place; Chapter 2 THE PERCEPTION OF DIFFERENCE: EMBODYING, REVERSING, ENCOMPASSING; Kinds of bodies; The flesh of the social; Origins, originals and ruptures; The corporeal and the phenomenal; Sensible distinctions; Reversibility and the diaphoron person</subfield>
    </datafield>
    <datafield tag="505" ind1="8" ind2=" ">
      <subfield code="a">Living hierarchyThe fabric; Chapter 3 THE BLOOD OF AFFINITY: MARRYING, PROCREATING, HOUSING; Disjunctive synthesis; The House; Incestuous affines; Becoming-siblings; The 'nature' of siblingship; Moving parts; A manifold of manifestations; Chapter 4 MATTERS OF SCALE: FEEDING, PRAYING, SHARING; A topography of relations; Vitality for the living; Vitality for the dead; Sound and sentiment; Ex-changing scales; Digesting the multitude; The kampong; Chapter 5 A PULSATING UNIVERSE: ANNIHILATING, ENHANCING, MAGNIFYING; Intimate contractions; The enlightenment of the enchanted; Ambiguous animals</subfield>
    </datafield>
    <datafield tag="505" ind1="8" ind2=" ">
      <subfield code="a">Sets of fourReciprocal motions; Chapter 6 THE MARITAL AND THE MARTIAL: GENDERING, KILLING, OSCILLATING; Cross-regional perspectives; Agency and affect; Masculine and feminine bodies; Androgyny; 'Chronicle of a death foretold'; Becoming-gendered; EPILOGUE; BIBLIOGRAPHY; INDEX</subfield>
    </datafield>
    <datafield tag="520" ind1=" " ind2=" ">
      <subfield code="a">The volume is an ethnographic monograph centring on the island of Java that also makes a singular contribution to the anthropological theorising of the person.</subfield>
    </datafield>
    <datafield tag="546" ind1=" " ind2=" ">
      <subfield code="a">English</subfield>
    </datafield>
    <datafield tag="504" ind1=" " ind2=" ">
      <subfield code="a">Includes bibliographical references and index.</subfield>
    </datafield>
    <datafield tag="504" ind1=" " ind2=" ">
      <subfield code="a">Includes bibliographical references and index.</subfield>
    </datafield>
    <datafield tag="650" ind1=" " ind2="0">
      <subfield code="a">Ethnology</subfield>
      <subfield code="z">Indonesia</subfield>
      <subfield code="z">Java.</subfield>
    </datafield>
    <datafield tag="650" ind1=" " ind2="0">
      <subfield code="a">Ethnopsychology</subfield>
      <subfield code="z">Indonesia</subfield>
      <subfield code="z">Java.</subfield>
    </datafield>
    <datafield tag="650" ind1=" " ind2="0">
      <subfield code="a">Personalism</subfield>
      <subfield code="x">Social aspects</subfield>
      <subfield code="z">Indonesia</subfield>
      <subfield code="z">Java.</subfield>
    </datafield>
    <datafield tag="650" ind1=" " ind2="0">
      <subfield code="a">Kinship</subfield>
      <subfield code="z">Indonesia</subfield>
      <subfield code="z">Java.</subfield>
    </datafield>
    <datafield tag="651" ind1=" " ind2="0">
      <subfield code="a">Java (Indonesia)</subfield>
      <subfield code="x">Social life and customs.</subfield>
    </datafield>
    <datafield tag="655" ind1=" " ind2="4">
      <subfield code="a">Electronic books.</subfield>
    </datafield>
    <datafield tag="776" ind1=" " ind2=" ">
      <subfield code="z">0-85728-529-7</subfield>
    </datafield>
    <datafield tag="906" ind1=" " ind2=" ">
      <subfield code="a">BOOK</subfield>
    </datafield>
    <datafield tag="ADM" ind1=" " ind2=" ">
      <subfield code="b">2019-02-05 06:36:20</subfield>
      <subfield code="e">992670000000237846</subfield>
      <subfield code="d">NON_SFX</subfield>
      <subfield code="f">20151002020704.0</subfield>
      <subfield code="a">2012-09-23 02:25:47</subfield>
      <subfield code="c">false</subfield>
    </datafield>
    <datafield tag="PRT" ind1=" " ind2=" ">
      <subfield code="updated">2018-11-29 17:13:24</subfield>
      <subfield code="i">61408370980003811</subfield>
      <subfield code="e">JSTOR</subfield>
      <subfield code="c">JSTOR Books EBA Pilot</subfield>
      <subfield code="created">2018-11-29 17:13:24</subfield>
      <subfield code="j">62408370970003811</subfield>
      <subfield code="a">53439449500003811</subfield>
      <subfield code="b">https://sandbox01-na.alma.exlibrisgroup.com/view/uresolver/01TULI_INST/openurl?u.ignore_date_coverage=true&amp;rft.mms_id=991036744576503811</subfield>
      <subfield code="9">Available</subfield>
      <subfield code="h">613810000000000259</subfield>
      <subfield code="8">53439449500003811</subfield>
    </datafield>
    <datafield tag="PRT" ind1=" " ind2=" ">
      <subfield code="updated">2018-04-19 02:19:48</subfield>
      <subfield code="i">61419889170003811</subfield>
      <subfield code="e">Ebook Central</subfield>
      <subfield code="c">Ebook Central Academic Complete</subfield>
      <subfield code="created">2018-04-19 02:19:11</subfield>
      <subfield code="j">62419889160003811</subfield>
      <subfield code="a">53422190530003811</subfield>
      <subfield code="b">https://sandbox01-na.alma.exlibrisgroup.com/view/uresolver/01TULI_INST/openurl?u.ignore_date_coverage=true&amp;rft.mms_id=991036744576503811</subfield>
      <subfield code="9">Available</subfield>
      <subfield code="h">614200000000000002</subfield>
      <subfield code="8">53422190530003811</subfield>
    </datafield>
  </record>