
  <record>
    <leader>07197cam a2200985Ma 4500</leader>
    <controlfield tag="005">20200901064937.5</controlfield>
    <controlfield tag="006">m     o  d        </controlfield>
    <controlfield tag="007">cr cn|||||||||</controlfield>
    <controlfield tag="008">120529s2012    nyub    ob    001 0 eng d</controlfield>
    <controlfield tag="001">991037719290703811</controlfield>
    <datafield tag="010" ind1=" " ind2=" ">
      <subfield code="z">  2012021807</subfield>
    </datafield>
    <datafield tag="015" ind1=" " ind2=" ">
      <subfield code="a">GBB6I9089</subfield>
      <subfield code="2">bnb</subfield>
    </datafield>
    <datafield tag="016" ind1="7" ind2=" ">
      <subfield code="a">017989740</subfield>
      <subfield code="2">Uk</subfield>
    </datafield>
    <datafield tag="019" ind1=" " ind2=" ">
      <subfield code="a">808616256</subfield>
      <subfield code="a">817832710</subfield>
      <subfield code="a">961520353</subfield>
      <subfield code="a">962688178</subfield>
      <subfield code="a">974769831</subfield>
      <subfield code="a">974856189</subfield>
      <subfield code="a">1081217445</subfield>
      <subfield code="a">1118350938</subfield>
      <subfield code="a">1153496735</subfield>
    </datafield>
    <datafield tag="020" ind1=" " ind2=" ">
      <subfield code="a">9780857285317</subfield>
      <subfield code="q">(electronic bk.)</subfield>
    </datafield>
    <datafield tag="020" ind1=" " ind2=" ">
      <subfield code="a">0857285319</subfield>
      <subfield code="q">(electronic bk.)</subfield>
    </datafield>
    <datafield tag="020" ind1=" " ind2=" ">
      <subfield code="a">0857285297</subfield>
      <subfield code="q">(hbk.)</subfield>
    </datafield>
    <datafield tag="020" ind1=" " ind2=" ">
      <subfield code="a">9780857285294</subfield>
    </datafield>
    <datafield tag="020" ind1=" " ind2=" ">
      <subfield code="z">1283575310</subfield>
    </datafield>
    <datafield tag="020" ind1=" " ind2=" ">
      <subfield code="z">9781283575317</subfield>
    </datafield>
    <datafield tag="020" ind1=" " ind2=" ">
      <subfield code="z">9780857285294</subfield>
      <subfield code="q">(hardback ;</subfield>
      <subfield code="q">alk. paper)</subfield>
    </datafield>
    <datafield tag="035" ind1=" " ind2=" ">
      <subfield code="a">(OCoLC)811411346</subfield>
      <subfield code="z">(OCoLC)808616256</subfield>
      <subfield code="z">(OCoLC)817832710</subfield>
      <subfield code="z">(OCoLC)961520353</subfield>
      <subfield code="z">(OCoLC)962688178</subfield>
      <subfield code="z">(OCoLC)974769831</subfield>
      <subfield code="z">(OCoLC)974856189</subfield>
      <subfield code="z">(OCoLC)1081217445</subfield>
      <subfield code="z">(OCoLC)1118350938</subfield>
      <subfield code="z">(OCoLC)1153496735</subfield>
    </datafield>
    <datafield tag="035" ind1=" " ind2=" ">
      <subfield code="a">(OCoLC)ocn811411346</subfield>
    </datafield>
    <datafield tag="037" ind1=" " ind2=" ">
      <subfield code="a">22573/ctt1gwx0mr</subfield>
      <subfield code="b">JSTOR</subfield>
    </datafield>
    <datafield tag="040" ind1=" " ind2=" ">
      <subfield code="a">E7B</subfield>
      <subfield code="b">eng</subfield>
      <subfield code="e">pn</subfield>
      <subfield code="c">E7B</subfield>
      <subfield code="d">OCLCO</subfield>
      <subfield code="d">N$T</subfield>
      <subfield code="d">YDXCP</subfield>
      <subfield code="d">OCLCQ</subfield>
      <subfield code="d">CAMBR</subfield>
      <subfield code="d">DEBSZ</subfield>
      <subfield code="d">IDEBK</subfield>
      <subfield code="d">MHW</subfield>
      <subfield code="d">EBLCP</subfield>
      <subfield code="d">MEAUC</subfield>
      <subfield code="d">Z5A</subfield>
      <subfield code="d">OCLCQ</subfield>
      <subfield code="d">OCLCO</subfield>
      <subfield code="d">OCLCQ</subfield>
      <subfield code="d">AZK</subfield>
      <subfield code="d">JSTOR</subfield>
      <subfield code="d">OCLCO</subfield>
      <subfield code="d">OCLCQ</subfield>
      <subfield code="d">LOA</subfield>
      <subfield code="d">COCUF</subfield>
      <subfield code="d">MOR</subfield>
      <subfield code="d">PIFAG</subfield>
      <subfield code="d">OCLCQ</subfield>
      <subfield code="d">MERUC</subfield>
      <subfield code="d">OCLCQ</subfield>
      <subfield code="d">IOG</subfield>
      <subfield code="d">ZCU</subfield>
      <subfield code="d">EZ9</subfield>
      <subfield code="d">OCLCF</subfield>
      <subfield code="d">STF</subfield>
      <subfield code="d">WRM</subfield>
      <subfield code="d">VNS</subfield>
      <subfield code="d">VTS</subfield>
      <subfield code="d">NRAMU</subfield>
      <subfield code="d">ICG</subfield>
      <subfield code="d">VT2</subfield>
      <subfield code="d">UKMGB</subfield>
      <subfield code="d">OCLCQ</subfield>
      <subfield code="d">DKC</subfield>
      <subfield code="d">OCLCQ</subfield>
      <subfield code="d">OH#</subfield>
      <subfield code="d">NLW</subfield>
      <subfield code="d">OCLCQ</subfield>
      <subfield code="d">UKCRE</subfield>
    </datafield>
    <datafield tag="043" ind1=" " ind2=" ">
      <subfield code="a">a-io---</subfield>
    </datafield>
    <datafield tag="049" ind1=" " ind2=" ">
      <subfield code="a">TEUU</subfield>
    </datafield>
    <datafield tag="050" ind1=" " ind2="4">
      <subfield code="a">GN635.I65</subfield>
      <subfield code="b">R47 2012eb</subfield>
    </datafield>
    <datafield tag="082" ind1="0" ind2="4">
      <subfield code="a">305.8009598/2</subfield>
      <subfield code="2">23</subfield>
    </datafield>
    <datafield tag="100" ind1="1" ind2=" ">
      <subfield code="a">Retsikas, Konstantinos.</subfield>
    </datafield>
    <datafield tag="245" ind1="1" ind2="0">
      <subfield code="a">Becoming :</subfield>
      <subfield code="b">an anthropological approach to understandings of the person in Java /</subfield>
      <subfield code="c">Konstantinos Retsikas.</subfield>
    </datafield>
    <datafield tag="260" ind1=" " ind2=" ">
      <subfield code="a">New York :</subfield>
      <subfield code="b">Anthem Press,</subfield>
      <subfield code="c">&#xA9;2012.</subfield>
    </datafield>
    <datafield tag="300" ind1=" " ind2=" ">
      <subfield code="a">1 online resource (xxxiii, 217 pages) :</subfield>
      <subfield code="b">maps</subfield>
    </datafield>
    <datafield tag="336" ind1=" " ind2=" ">
      <subfield code="a">text</subfield>
      <subfield code="b">txt</subfield>
      <subfield code="2">rdacontent</subfield>
    </datafield>
    <datafield tag="337" ind1=" " ind2=" ">
      <subfield code="a">computer</subfield>
      <subfield code="b">c</subfield>
      <subfield code="2">rdamedia</subfield>
    </datafield>
    <datafield tag="338" ind1=" " ind2=" ">
      <subfield code="a">online resource</subfield>
      <subfield code="b">cr</subfield>
      <subfield code="2">rdacarrier</subfield>
    </datafield>
    <datafield tag="347" ind1=" " ind2=" ">
      <subfield code="a">data file</subfield>
      <subfield code="2">rda</subfield>
    </datafield>
    <datafield tag="490" ind1="0" ind2=" ">
      <subfield code="a">Anthem Southeast Asian studies</subfield>
    </datafield>
    <datafield tag="504" ind1=" " ind2=" ">
      <subfield code="a">Includes bibliographical references and index.</subfield>
    </datafield>
    <datafield tag="505" ind1="0" ind2=" ">
      <subfield code="a">Becoming An Anthropological Approach to Understandings of the Person in Java; CONTENTS; LIST OF MAPS AND FIGURES; ACKNOWLEDGEMENTS; PROLEGOMENON; Subjects as motion; Becoming; Chapter 1 THE BECOMING OF PLACE: MOVING, CLEARING, INHABITING; The unity of the beginning; The diversity of poverty; The civility of emplacement; Becoming-place; Chapter 2 THE PERCEPTION OF DIFFERENCE: EMBODYING, REVERSING, ENCOMPASSING; Kinds of bodies; The flesh of the social; Origins, originals and ruptures; The corporeal and the phenomenal; Sensible distinctions; Reversibility and the diaphoron person.</subfield>
    </datafield>
    <datafield tag="505" ind1="8" ind2=" ">
      <subfield code="a">Living hierarchyThe fabric; Chapter 3 THE BLOOD OF AFFINITY: MARRYING, PROCREATING, HOUSING; Disjunctive synthesis; The House; Incestuous affines; Becoming-siblings; The 'nature' of siblingship; Moving parts; A manifold of manifestations; Chapter 4 MATTERS OF SCALE: FEEDING, PRAYING, SHARING; A topography of relations; Vitality for the living; Vitality for the dead; Sound and sentiment; Ex-changing scales; Digesting the multitude; The kampong; Chapter 5 A PULSATING UNIVERSE: ANNIHILATING, ENHANCING, MAGNIFYING; Intimate contractions; The enlightenment of the enchanted; Ambiguous animals.</subfield>
    </datafield>
    <datafield tag="505" ind1="8" ind2=" ">
      <subfield code="a">Sets of fourReciprocal motions; Chapter 6 THE MARITAL AND THE MARTIAL: GENDERING, KILLING, OSCILLATING; Cross-regional perspectives; Agency and affect; Masculine and feminine bodies; Androgyny; 'Chronicle of a death foretold'; Becoming-gendered; EPILOGUE; BIBLIOGRAPHY; INDEX.</subfield>
    </datafield>
    <datafield tag="520" ind1=" " ind2=" ">
      <subfield code="a">'Becoming - An Anthropological Approach to Understandings of the Person in Java' falls within the long-standing tradition of anthropological theorising regarding the person, and takes inspiration from the philosophical writings of G. Deleuze. It comprises a critical intervention in the said literatures, develops new conceptual tools and reconfigures 'old' methodological strategies. As a thought experiment, it foregrounds and advances the concept of the 'diaphoron' person - a person who constantly differs from him/herself and who is always already involved in an unlimited process of becoming - as a new figure for considering the problem of the subject in anthropology. In addition, the book breathes new life into one of the most distinctive methodological strategies to be found in anthropology since its inception, re-invigorating the approach of 'total ethnography' in such a way that it is able to meet the challenges posed by living in a postmodern world. [NP] The volume is also an ethnographic monograph based upon qualitative research undertaken in the town of Probolinggo in East Java, Indonesia. It is the first book-length ethnographic study of this part of Java and its peoples, who identify themselves as 'mixed persons'. The volume not only serves as a source of new ethnographic data about a place and a situation we know very little about, but it also re-thinks key categories of Javanese ethnography from a new and unanticipated perspective.</subfield>
    </datafield>
    <datafield tag="506" ind1="1" ind2=" ">
      <subfield code="a">Legal Deposit;</subfield>
      <subfield code="c">Only available on premises controlled by the deposit library and to one user at any one time;</subfield>
      <subfield code="e">The Legal Deposit Libraries (Non-Print Works) Regulations (UK).</subfield>
      <subfield code="5">WlAbNL</subfield>
    </datafield>
    <datafield tag="540" ind1=" " ind2=" ">
      <subfield code="a">Restricted: Printing from this resource is governed by The Legal Deposit Libraries (Non-Print Works) Regulations (UK) and UK copyright law currently in force.</subfield>
      <subfield code="5">WlAbNL</subfield>
    </datafield>
    <datafield tag="590" ind1=" " ind2=" ">
      <subfield code="a">Cambridge University Press</subfield>
      <subfield code="b">Cambridge eBooks and Partner Presses: All Books</subfield>
    </datafield>
    <datafield tag="590" ind1=" " ind2=" ">
      <subfield code="a">Access is available to the Temple Community through use of a networked computer with a Temple IP address.</subfield>
    </datafield>
    <datafield tag="650" ind1=" " ind2="0">
      <subfield code="a">Ethnology</subfield>
      <subfield code="z">Indonesia</subfield>
      <subfield code="z">Java.</subfield>
    </datafield>
    <datafield tag="650" ind1=" " ind2="0">
      <subfield code="a">Ethnopsychology</subfield>
      <subfield code="z">Indonesia</subfield>
      <subfield code="z">Java.</subfield>
    </datafield>
    <datafield tag="650" ind1=" " ind2="0">
      <subfield code="a">Personalism</subfield>
      <subfield code="x">Social aspects</subfield>
      <subfield code="z">Indonesia</subfield>
      <subfield code="z">Java.</subfield>
    </datafield>
    <datafield tag="650" ind1=" " ind2="0">
      <subfield code="a">Kinship</subfield>
      <subfield code="z">Indonesia</subfield>
      <subfield code="z">Java.</subfield>
    </datafield>
    <datafield tag="651" ind1=" " ind2="0">
      <subfield code="a">Java (Indonesia)</subfield>
      <subfield code="x">Social life and customs.</subfield>
    </datafield>
    <datafield tag="650" ind1=" " ind2="7">
      <subfield code="a">Ethnology.</subfield>
      <subfield code="2">fast</subfield>
      <subfield code="0">(OCoLC)fst00916106</subfield>
    </datafield>
    <datafield tag="650" ind1=" " ind2="7">
      <subfield code="a">Ethnopsychology.</subfield>
      <subfield code="2">fast</subfield>
      <subfield code="0">(OCoLC)fst00916198</subfield>
    </datafield>
    <datafield tag="650" ind1=" " ind2="7">
      <subfield code="a">Kinship.</subfield>
      <subfield code="2">fast</subfield>
      <subfield code="0">(OCoLC)fst00987769</subfield>
    </datafield>
    <datafield tag="650" ind1=" " ind2="7">
      <subfield code="a">Manners and customs.</subfield>
      <subfield code="2">fast</subfield>
      <subfield code="0">(OCoLC)fst01007815</subfield>
    </datafield>
    <datafield tag="651" ind1=" " ind2="7">
      <subfield code="a">Indonesia</subfield>
      <subfield code="z">Java.</subfield>
      <subfield code="2">fast</subfield>
      <subfield code="0">(OCoLC)fst01244461</subfield>
    </datafield>
    <datafield tag="776" ind1="0" ind2="8">
      <subfield code="i">Print version:</subfield>
      <subfield code="a">Retsikas, Konstantinos.</subfield>
      <subfield code="t">Becoming.</subfield>
      <subfield code="d">New York : Anthem Press, &#xA9;2012</subfield>
      <subfield code="w">(DLC)  2012021807</subfield>
    </datafield>
    <datafield tag="856" ind1="4" ind2="0">
      <subfield code="u">https://doi.org/10.7135/UPO9780857285317</subfield>
    </datafield>
    <datafield tag="979" ind1=" " ind2=" ">
      <subfield code="a">ocn811411346</subfield>
    </datafield>
    <datafield tag="ADM" ind1=" " ind2=" ">
      <subfield code="b">2020-09-03 09:58:12</subfield>
      <subfield code="e">ocn811411346</subfield>
      <subfield code="d">OCLC</subfield>
      <subfield code="f">20200901064937.5</subfield>
      <subfield code="a">2020-09-02 12:40:39</subfield>
      <subfield code="c">false</subfield>
    </datafield>
    <datafield tag="PRT" ind1=" " ind2=" ">
      <subfield code="updated">2020-09-02 12:41:11</subfield>
      <subfield code="i">61530087730003811</subfield>
      <subfield code="c">Cambridge Core Ebooks</subfield>
      <subfield code="created">2020-09-02 12:41:03</subfield>
      <subfield code="j">62530087720003811</subfield>
      <subfield code="a">53531734570003811</subfield>
      <subfield code="b">https://sandbox01-na.alma.exlibrisgroup.com/view/uresolver/01TULI_INST/openurl?u.ignore_date_coverage=true&amp;rft.mms_id=991037719290703811</subfield>
      <subfield code="9">Available</subfield>
      <subfield code="8">53531734570003811</subfield>
    </datafield>
  </record>