
  <record>
    <leader>01311nam a2200421   4500</leader>
    <controlfield tag="005">20190715101644.0</controlfield>
    <controlfield tag="008">730403s1973    nyu           000 0aeng  </controlfield>
    <controlfield tag="001">991009224959703811</controlfield>
    <datafield tag="010" ind1=" " ind2=" ">
      <subfield code="a">72088650</subfield>
    </datafield>
    <datafield tag="020" ind1=" " ind2=" ">
      <subfield code="a">0841502196</subfield>
    </datafield>
    <datafield tag="035" ind1=" " ind2=" ">
      <subfield code="a">(PPT)b11885750-01tuli_inst</subfield>
    </datafield>
    <datafield tag="035" ind1=" " ind2=" ">
      <subfield code="a">ocn471103805</subfield>
      <subfield code="9">ExL</subfield>
    </datafield>
    <datafield tag="035" ind1=" " ind2=" ">
      <subfield code="a">PATG00609356B</subfield>
    </datafield>
    <datafield tag="035" ind1=" " ind2=" ">
      <subfield code="a">ocm00609356</subfield>
    </datafield>
    <datafield tag="035" ind1=" " ind2=" ">
      <subfield code="a">(OCLC)ocm00609356</subfield>
    </datafield>
    <datafield tag="079" ind1=" " ind2=" ">
      <subfield code="a">ocm00609356</subfield>
    </datafield>
    <datafield tag="090" ind1=" " ind2=" ">
      <subfield code="a">CT275.G5576A3 1973</subfield>
    </datafield>
    <datafield tag="100" ind1="1" ind2=" ">
      <subfield code="a">Goldstein, Andrew.</subfield>
      <subfield code="0">http://id.loc.gov/authorities/names/n83061138</subfield>
    </datafield>
    <datafield tag="245" ind1="1" ind2="0">
      <subfield code="a">Becoming;</subfield>
      <subfield code="b">an American odyssey.</subfield>
    </datafield>
    <datafield tag="264" ind1=" " ind2="1">
      <subfield code="a">New York :</subfield>
      <subfield code="b">Saturday Review Press,</subfield>
      <subfield code="c">[1973]</subfield>
    </datafield>
    <datafield tag="300" ind1=" " ind2=" ">
      <subfield code="a">118 pages ;</subfield>
      <subfield code="c">22 cm</subfield>
    </datafield>
    <datafield tag="336" ind1=" " ind2=" ">
      <subfield code="a">text</subfield>
      <subfield code="b">txt</subfield>
      <subfield code="2">rdacontent</subfield>
    </datafield>
    <datafield tag="337" ind1=" " ind2=" ">
      <subfield code="a">unmediated</subfield>
      <subfield code="b">n</subfield>
      <subfield code="2">rdamedia</subfield>
    </datafield>
    <datafield tag="338" ind1=" " ind2=" ">
      <subfield code="a">volume</subfield>
      <subfield code="b">nc</subfield>
      <subfield code="2">rdacarrier</subfield>
    </datafield>
    <datafield tag="600" ind1="1" ind2="0">
      <subfield code="a">Golstein, Andrew.</subfield>
    </datafield>
    <datafield tag="655" ind1=" " ind2="7">
      <subfield code="a">Autobiographies.</subfield>
      <subfield code="2">lcgft</subfield>
      <subfield code="0">http://id.loc.gov/authorities/genreForms/gf2014026047</subfield>
    </datafield>
    <datafield tag="655" ind1=" " ind2="7">
      <subfield code="a">Autobiographies.</subfield>
      <subfield code="2">fast</subfield>
      <subfield code="0">http://id.worldcat.org/fast/1919894</subfield>
    </datafield>
    <datafield tag="902" ind1=" " ind2=" ">
      <subfield code="a">091201</subfield>
    </datafield>
    <datafield tag="902" ind1=" " ind2=" ">
      <subfield code="a">MARCIVE-BF 20190703</subfield>
    </datafield>
    <datafield tag="904" ind1=" " ind2=" ">
      <subfield code="a">MARCIVE 20190703</subfield>
    </datafield>
    <datafield tag="907" ind1=" " ind2=" ">
      <subfield code="a">.b11885750</subfield>
      <subfield code="b">k    </subfield>
      <subfield code="c">-</subfield>
    </datafield>
    <datafield tag="935" ind1=" " ind2=" ">
      <subfield code="a">00202342</subfield>
    </datafield>
    <datafield tag="945" ind1=" " ind2=" ">
      <subfield code="l">kstk </subfield>
      <subfield code="g">1</subfield>
    </datafield>
    <datafield tag="950" ind1=" " ind2=" ">
      <subfield code="l">P</subfield>
      <subfield code="x">1</subfield>
      <subfield code="i">01/01/01 N</subfield>
    </datafield>
    <datafield tag="955" ind1=" " ind2=" ">
      <subfield code="c">-</subfield>
      <subfield code="u">a=961254    wa7310</subfield>
    </datafield>
    <datafield tag="979" ind1=" " ind2=" ">
      <subfield code="a">ocm00609356</subfield>
    </datafield>
    <datafield tag="998" ind1=" " ind2=" ">
      <subfield code="b">1</subfield>
      <subfield code="c">990101</subfield>
      <subfield code="d">m</subfield>
      <subfield code="e">a</subfield>
      <subfield code="f">-</subfield>
      <subfield code="g">0</subfield>
    </datafield>
    <datafield tag="998" ind1=" " ind2=" ">
      <subfield code="n">PPT</subfield>
      <subfield code="s">9665</subfield>
    </datafield>
    <datafield tag="ADM" ind1=" " ind2=" ">
      <subfield code="b">2019-07-15 14:16:44</subfield>
      <subfield code="e">b11885750-01tuli_inst</subfield>
      <subfield code="d">MARCIVE</subfield>
      <subfield code="f">20190608034219.0</subfield>
      <subfield code="a">2017-06-20 06:57:53</subfield>
      <subfield code="c">false</subfield>
    </datafield>
    <datafield tag="HLD" ind1="0" ind2=" ">
      <subfield code="b">KARDON</subfield>
      <subfield code="c">p_remote</subfield>
      <subfield code="h">CT275.G5576A3 1973</subfield>
      <subfield code="8">22258142920003811</subfield>
      <subfield code="created">2017-06-20 06:57:53</subfield>
    </datafield>
    <datafield tag="ITM" ind1=" " ind2=" ">
      <subfield code="r">22258142920003811</subfield>
      <subfield code="b">1</subfield>
      <subfield code="h">0</subfield>
      <subfield code="g">p_remote</subfield>
      <subfield code="t">BOOK</subfield>
      <subfield code="9">39074009219049</subfield>
      <subfield code="e">p_remote</subfield>
      <subfield code="8">23258142900003811</subfield>
      <subfield code="a">0</subfield>
      <subfield code="i">CT275.G5576A3 1973</subfield>
      <subfield code="updated">2017-06-20 06:58:28</subfield>
      <subfield code="q">2017-06-20 06:57:53</subfield>
      <subfield code="d">KARDON</subfield>
      <subfield code="f">KARDON</subfield>
    </datafield>
  </record>