
  <record>
    <leader>01286cam a2200409 i 4500</leader>
    <controlfield tag="005">20190923162229.0</controlfield>
    <controlfield tag="008">760608t19751975azu           000 0 eng d</controlfield>
    <controlfield tag="001">991004084709703811</controlfield>
    <datafield tag="035" ind1=" " ind2=" ">
      <subfield code="a">(PPT)b10853716-01tuli_inst</subfield>
    </datafield>
    <datafield tag="035" ind1=" " ind2=" ">
      <subfield code="a">ocn469401864</subfield>
      <subfield code="9">ExL</subfield>
    </datafield>
    <datafield tag="035" ind1=" " ind2=" ">
      <subfield code="a">PATG02216993B</subfield>
    </datafield>
    <datafield tag="035" ind1=" " ind2=" ">
      <subfield code="a">ocm02216993</subfield>
    </datafield>
    <datafield tag="035" ind1=" " ind2=" ">
      <subfield code="a">(OCLC)ocm02216993</subfield>
    </datafield>
    <datafield tag="040" ind1=" " ind2=" ">
      <subfield code="a">PPT</subfield>
      <subfield code="b">eng</subfield>
      <subfield code="c">PPT</subfield>
      <subfield code="d">CStRLIN</subfield>
    </datafield>
    <datafield tag="079" ind1=" " ind2=" ">
      <subfield code="a">ocm02216993</subfield>
    </datafield>
    <datafield tag="090" ind1=" " ind2=" ">
      <subfield code="a">PS3558.U27B43x 1975</subfield>
    </datafield>
    <datafield tag="100" ind1="1" ind2=" ">
      <subfield code="a">Huck, Ann M.</subfield>
    </datafield>
    <datafield tag="245" ind1="1" ind2="0">
      <subfield code="a">Becoming :</subfield>
      <subfield code="b">a collection of poems /</subfield>
      <subfield code="c">Ann Marie Huck.</subfield>
    </datafield>
    <datafield tag="264" ind1=" " ind2="1">
      <subfield code="a">Tucson :</subfield>
      <subfield code="b">Desert First Works,</subfield>
      <subfield code="c">[1975]</subfield>
    </datafield>
    <datafield tag="264" ind1=" " ind2="4">
      <subfield code="c">&#xA9;1975</subfield>
    </datafield>
    <datafield tag="300" ind1=" " ind2=" ">
      <subfield code="a">26 pages ;</subfield>
      <subfield code="c">21 cm</subfield>
    </datafield>
    <datafield tag="336" ind1=" " ind2=" ">
      <subfield code="a">text</subfield>
      <subfield code="b">txt</subfield>
      <subfield code="2">rdacontent</subfield>
    </datafield>
    <datafield tag="337" ind1=" " ind2=" ">
      <subfield code="a">unmediated</subfield>
      <subfield code="b">n</subfield>
      <subfield code="2">rdamedia</subfield>
    </datafield>
    <datafield tag="338" ind1=" " ind2=" ">
      <subfield code="a">volume</subfield>
      <subfield code="b">nc</subfield>
      <subfield code="2">rdacarrier</subfield>
    </datafield>
    <datafield tag="500" ind1=" " ind2=" ">
      <subfield code="a">Paper wrappers, stapled.</subfield>
    </datafield>
    <datafield tag="710" ind1="2" ind2=" ">
      <subfield code="a">Desert First Works,</subfield>
      <subfield code="e">publisher.</subfield>
    </datafield>
    <datafield tag="902" ind1=" " ind2=" ">
      <subfield code="a">MARCIVE-BF 20190703</subfield>
    </datafield>
    <datafield tag="904" ind1=" " ind2=" ">
      <subfield code="a">MARCIVE 20190703</subfield>
    </datafield>
    <datafield tag="907" ind1=" " ind2=" ">
      <subfield code="a">.b10853716</subfield>
      <subfield code="b">s    </subfield>
      <subfield code="c">-</subfield>
    </datafield>
    <datafield tag="935" ind1=" " ind2=" ">
      <subfield code="a">00090749</subfield>
    </datafield>
    <datafield tag="945" ind1=" " ind2=" ">
      <subfield code="l">sccc </subfield>
      <subfield code="g">1</subfield>
    </datafield>
    <datafield tag="950" ind1=" " ind2=" ">
      <subfield code="l">CCC</subfield>
      <subfield code="i">08/10/90 N  215:SL</subfield>
      <subfield code="h">01/01/01 N</subfield>
    </datafield>
    <datafield tag="955" ind1=" " ind2=" ">
      <subfield code="l">CCC</subfield>
      <subfield code="c">0</subfield>
      <subfield code="r">39074007423122</subfield>
      <subfield code="i">08/10/90 C</subfield>
    </datafield>
    <datafield tag="974" ind1="0" ind2="8">
      <subfield code="t">Contemporary Culture Collection</subfield>
    </datafield>
    <datafield tag="979" ind1=" " ind2=" ">
      <subfield code="a">ocm02216993</subfield>
    </datafield>
    <datafield tag="998" ind1=" " ind2=" ">
      <subfield code="b">1</subfield>
      <subfield code="c">990101</subfield>
      <subfield code="d">m</subfield>
      <subfield code="e">a</subfield>
      <subfield code="f">-</subfield>
      <subfield code="g">0</subfield>
    </datafield>
    <datafield tag="998" ind1=" " ind2=" ">
      <subfield code="a">08/10/90</subfield>
      <subfield code="t">c</subfield>
      <subfield code="s">9115</subfield>
      <subfield code="n">PPT</subfield>
      <subfield code="w">AZPG16062523B</subfield>
      <subfield code="d">05/19/83</subfield>
      <subfield code="c">MW</subfield>
      <subfield code="b">MK</subfield>
      <subfield code="i">900810</subfield>
      <subfield code="l">PATG</subfield>
    </datafield>
    <datafield tag="ADM" ind1=" " ind2=" ">
      <subfield code="b">2019-09-23 20:22:29</subfield>
      <subfield code="e">b10853716-01tuli_inst</subfield>
      <subfield code="d">MARCIVE</subfield>
      <subfield code="f">20190715205445.0</subfield>
      <subfield code="a">2017-06-20 06:09:57</subfield>
      <subfield code="c">false</subfield>
    </datafield>
    <datafield tag="HLD" ind1="0" ind2=" ">
      <subfield code="b">SCRC</subfield>
      <subfield code="c">rarestacks</subfield>
      <subfield code="h">PS3558.U27B43x 1975</subfield>
      <subfield code="8">22242620460003811</subfield>
      <subfield code="created">2017-06-20 06:09:57</subfield>
    </datafield>
    <datafield tag="ITM" ind1=" " ind2=" ">
      <subfield code="r">22242620460003811</subfield>
      <subfield code="b">1</subfield>
      <subfield code="h">0</subfield>
      <subfield code="g">rarestacks</subfield>
      <subfield code="t">BOOK</subfield>
      <subfield code="9">39074007423122</subfield>
      <subfield code="e">rarestacks</subfield>
      <subfield code="8">23242620370003811</subfield>
      <subfield code="a">4</subfield>
      <subfield code="i">PS3558.U27B43x 1975</subfield>
      <subfield code="updated">2018-09-24 16:01:26</subfield>
      <subfield code="q">2017-06-20 06:09:57</subfield>
      <subfield code="d">SCRC</subfield>
      <subfield code="f">SCRC</subfield>
    </datafield>
  </record>