
  <record>
    <leader>02569nam a2200661   4500</leader>
    <controlfield tag="005">20190715103422.0</controlfield>
    <controlfield tag="008">831103s1955    ctu           000 0 eng  </controlfield>
    <controlfield tag="001">991012573339703811</controlfield>
    <datafield tag="010" ind1=" " ind2=" ">
      <subfield code="a">55005975 /L/r83</subfield>
    </datafield>
    <datafield tag="020" ind1=" " ind2=" ">
      <subfield code="z">0300002465</subfield>
    </datafield>
    <datafield tag="020" ind1=" " ind2=" ">
      <subfield code="a">0300000022</subfield>
      <subfield code="q">paperback</subfield>
    </datafield>
    <datafield tag="035" ind1=" " ind2=" ">
      <subfield code="a">(PPT)b12562658-01tuli_inst</subfield>
    </datafield>
    <datafield tag="035" ind1=" " ind2=" ">
      <subfield code="a">ocn471192974</subfield>
      <subfield code="9">ExL</subfield>
    </datafield>
    <datafield tag="035" ind1=" " ind2=" ">
      <subfield code="a">PATG83-B36005</subfield>
    </datafield>
    <datafield tag="035" ind1=" " ind2=" ">
      <subfield code="a">00191339    </subfield>
    </datafield>
    <datafield tag="035" ind1=" " ind2=" ">
      <subfield code="a">ocm00191339</subfield>
    </datafield>
    <datafield tag="035" ind1=" " ind2=" ">
      <subfield code="a">(OCLC)ocm00191339</subfield>
    </datafield>
    <datafield tag="040" ind1=" " ind2=" ">
      <subfield code="a">DLC</subfield>
      <subfield code="b">eng</subfield>
      <subfield code="c">DLC</subfield>
      <subfield code="d">m.c.</subfield>
      <subfield code="d">OCL</subfield>
      <subfield code="d">EDT</subfield>
      <subfield code="d">OCL</subfield>
      <subfield code="d">TMY</subfield>
    </datafield>
    <datafield tag="049" ind1="9" ind2="8">
      <subfield code="a">TMYD</subfield>
      <subfield code="b">BF38 .A38</subfield>
      <subfield code="c">1</subfield>
      <subfield code="z">32875500421299</subfield>
    </datafield>
    <datafield tag="079" ind1=" " ind2=" ">
      <subfield code="a">ocm00191339</subfield>
    </datafield>
    <datafield tag="090" ind1=" " ind2=" ">
      <subfield code="a">BF38.A38</subfield>
    </datafield>
    <datafield tag="100" ind1="1" ind2=" ">
      <subfield code="a">Allport, Gordon W.</subfield>
      <subfield code="q">(Gordon Willard),</subfield>
      <subfield code="d">1897-1967.</subfield>
      <subfield code="0">http://id.loc.gov/authorities/names/n79044016</subfield>
    </datafield>
    <datafield tag="245" ind1="1" ind2="0">
      <subfield code="a">Becoming;</subfield>
      <subfield code="b">basic considerations for a psychology of personality.</subfield>
    </datafield>
    <datafield tag="264" ind1=" " ind2="1">
      <subfield code="a">New Haven :</subfield>
      <subfield code="b">Yale University Press,</subfield>
      <subfield code="c">1955.</subfield>
    </datafield>
    <datafield tag="300" ind1=" " ind2=" ">
      <subfield code="a">106 pages ;</subfield>
      <subfield code="c">22 cm.</subfield>
    </datafield>
    <datafield tag="336" ind1=" " ind2=" ">
      <subfield code="a">text</subfield>
      <subfield code="b">txt</subfield>
      <subfield code="2">rdacontent</subfield>
    </datafield>
    <datafield tag="337" ind1=" " ind2=" ">
      <subfield code="a">unmediated</subfield>
      <subfield code="b">n</subfield>
      <subfield code="2">rdamedia</subfield>
    </datafield>
    <datafield tag="338" ind1=" " ind2=" ">
      <subfield code="a">volume</subfield>
      <subfield code="b">nc</subfield>
      <subfield code="2">rdacarrier</subfield>
    </datafield>
    <datafield tag="490" ind1="0" ind2=" ">
      <subfield code="a">The Terry lectures</subfield>
    </datafield>
    <datafield tag="500" ind1=" " ind2=" ">
      <subfield code="a">Includes index.</subfield>
    </datafield>
    <datafield tag="520" ind1=" " ind2=" ">
      <subfield code="a">Modern psychology is in a dilemma, Allport states, for it has trimmed down the image of man as a free democratic being. He appraises the present state of the psychology of personality and indicates its relevance to human welfare and religion. This volume is based on the Terry Lectures, which the author delivered at Yale University in 1954.</subfield>
    </datafield>
    <datafield tag="650" ind1=" " ind2="0">
      <subfield code="a">Psychology.</subfield>
      <subfield code="0">http://id.loc.gov/authorities/subjects/sh85108459</subfield>
    </datafield>
    <datafield tag="650" ind1=" " ind2="7">
      <subfield code="a">Psychology.</subfield>
      <subfield code="2">fast</subfield>
      <subfield code="0">http://id.worldcat.org/fast/1081447</subfield>
    </datafield>
    <datafield tag="650" ind1=" " ind2="2">
      <subfield code="a">Personality.</subfield>
      <subfield code="0">https://id.nlm.nih.gov/mesh/D010551</subfield>
    </datafield>
    <datafield tag="650" ind1=" " ind2="2">
      <subfield code="a">Psychological Theory.</subfield>
      <subfield code="0">https://id.nlm.nih.gov/mesh/D011582</subfield>
    </datafield>
    <datafield tag="650" ind1=" " ind2="2">
      <subfield code="a">Philosophy.</subfield>
      <subfield code="0">https://id.nlm.nih.gov/mesh/D010684</subfield>
    </datafield>
    <datafield tag="650" ind1=" " ind2="0">
      <subfield code="a">Personality.</subfield>
      <subfield code="0">http://id.loc.gov/authorities/subjects/sh85100113</subfield>
    </datafield>
    <datafield tag="650" ind1=" " ind2="7">
      <subfield code="a">Personality.</subfield>
      <subfield code="2">fast</subfield>
      <subfield code="0">http://id.worldcat.org/fast/1058667</subfield>
    </datafield>
    <datafield tag="740" ind1="0" ind2=" ">
      <subfield code="a">Basic considerations for a psychology of personality.</subfield>
    </datafield>
    <datafield tag="902" ind1=" " ind2=" ">
      <subfield code="a">140416</subfield>
    </datafield>
    <datafield tag="902" ind1=" " ind2=" ">
      <subfield code="a">MARCIVE-BF 20190703</subfield>
    </datafield>
    <datafield tag="903" ind1=" " ind2=" ">
      <subfield code="a">MARCIVE-TOC201904</subfield>
    </datafield>
    <datafield tag="904" ind1=" " ind2=" ">
      <subfield code="a">MARCIVE 20190703</subfield>
    </datafield>
    <datafield tag="907" ind1=" " ind2=" ">
      <subfield code="a">.b12562658</subfield>
      <subfield code="b">multi</subfield>
      <subfield code="c">-</subfield>
    </datafield>
    <datafield tag="915" ind1=" " ind2=" ">
      <subfield code="a">1899</subfield>
    </datafield>
    <datafield tag="935" ind1=" " ind2=" ">
      <subfield code="a">AAA-9699</subfield>
    </datafield>
    <datafield tag="935" ind1=" " ind2=" ">
      <subfield code="a">00273647</subfield>
    </datafield>
    <datafield tag="945" ind1=" " ind2=" ">
      <subfield code="l">astk </subfield>
      <subfield code="g">1</subfield>
    </datafield>
    <datafield tag="945" ind1=" " ind2=" ">
      <subfield code="l">jtcas</subfield>
      <subfield code="g">1</subfield>
    </datafield>
    <datafield tag="945" ind1=" " ind2=" ">
      <subfield code="l">khks </subfield>
      <subfield code="g">1</subfield>
    </datafield>
    <datafield tag="945" ind1=" " ind2=" ">
      <subfield code="l">kz   </subfield>
      <subfield code="g">1</subfield>
    </datafield>
    <datafield tag="945" ind1=" " ind2=" ">
      <subfield code="l">pstk </subfield>
      <subfield code="g">1</subfield>
    </datafield>
    <datafield tag="950" ind1=" " ind2=" ">
      <subfield code="l">P</subfield>
    </datafield>
    <datafield tag="950" ind1=" " ind2=" ">
      <subfield code="l">AMB</subfield>
    </datafield>
    <datafield tag="950" ind1=" " ind2=" ">
      <subfield code="l">SSA</subfield>
    </datafield>
    <datafield tag="979" ind1=" " ind2=" ">
      <subfield code="a">ocm00191339</subfield>
    </datafield>
    <datafield tag="998" ind1=" " ind2=" ">
      <subfield code="b">6</subfield>
      <subfield code="c">990101</subfield>
      <subfield code="d">m</subfield>
      <subfield code="e">a</subfield>
      <subfield code="f">-</subfield>
      <subfield code="g">0</subfield>
    </datafield>
    <datafield tag="998" ind1=" " ind2=" ">
      <subfield code="a">11/03/83</subfield>
      <subfield code="t">c</subfield>
      <subfield code="s">9116</subfield>
      <subfield code="n">PPT</subfield>
      <subfield code="w">AZPG22932313B</subfield>
      <subfield code="d">11/03/83</subfield>
      <subfield code="b">DMS</subfield>
      <subfield code="i">831103</subfield>
      <subfield code="l">PATG</subfield>
    </datafield>
    <datafield tag="ADM" ind1=" " ind2=" ">
      <subfield code="b">2019-07-15 14:34:22</subfield>
      <subfield code="e">b12562658-01tuli_inst</subfield>
      <subfield code="d">MARCIVE</subfield>
      <subfield code="f">20190607204315.0</subfield>
      <subfield code="a">2017-06-20 10:04:04</subfield>
      <subfield code="c">false</subfield>
    </datafield>
    <datafield tag="HLD" ind1="0" ind2=" ">
      <subfield code="b">AMBLER</subfield>
      <subfield code="c">stacks</subfield>
      <subfield code="h">BF38.A38</subfield>
      <subfield code="8">22299590100003811</subfield>
      <subfield code="created">2017-06-20 10:04:04</subfield>
    </datafield>
    <datafield tag="HLD" ind1="0" ind2=" ">
      <subfield code="b">JAPAN</subfield>
      <subfield code="c">stacks</subfield>
      <subfield code="h">BF38.A38</subfield>
      <subfield code="8">22299590170003811</subfield>
      <subfield code="created">2017-06-20 10:04:04</subfield>
    </datafield>
    <datafield tag="HLD" ind1="0" ind2=" ">
      <subfield code="b">ASRS</subfield>
      <subfield code="c">ASRS</subfield>
      <subfield code="h"> BF38.A38 </subfield>
      <subfield code="8">22459825490003811</subfield>
      <subfield code="updated">2019-04-23 22:25:48</subfield>
      <subfield code="created">2019-04-23 22:25:46</subfield>
    </datafield>
    <datafield tag="HLD" ind1="0" ind2=" ">
      <subfield code="b">KARDON</subfield>
      <subfield code="c">g_remote</subfield>
      <subfield code="h">BF38.A38</subfield>
      <subfield code="8">22299590190003811</subfield>
      <subfield code="created">2017-06-20 10:04:04</subfield>
    </datafield>
    <datafield tag="ITM" ind1=" " ind2=" ">
      <subfield code="r">22299590170003811</subfield>
      <subfield code="b">1</subfield>
      <subfield code="h">0</subfield>
      <subfield code="g">stacks</subfield>
      <subfield code="t">BOOK</subfield>
      <subfield code="9">31982060037746</subfield>
      <subfield code="e">stacks</subfield>
      <subfield code="8">23299590160003811</subfield>
      <subfield code="a">0</subfield>
      <subfield code="i">BF38.A38</subfield>
      <subfield code="updated">2017-06-20 10:04:35</subfield>
      <subfield code="q">2017-06-20 10:04:04</subfield>
      <subfield code="d">JAPAN</subfield>
      <subfield code="f">JAPAN</subfield>
    </datafield>
    <datafield tag="ITM" ind1=" " ind2=" ">
      <subfield code="r">22459825490003811</subfield>
      <subfield code="b">1</subfield>
      <subfield code="h">0</subfield>
      <subfield code="g">ASRS</subfield>
      <subfield code="t">BOOK</subfield>
      <subfield code="9">39074002718039</subfield>
      <subfield code="e">ASRS</subfield>
      <subfield code="8">23299590140003811</subfield>
      <subfield code="a">0</subfield>
      <subfield code="i">BF38.A38</subfield>
      <subfield code="updated">2019-04-23 22:26:08</subfield>
      <subfield code="q">2017-06-20 10:04:04</subfield>
      <subfield code="d">ASRS</subfield>
      <subfield code="f">ASRS</subfield>
    </datafield>
    <datafield tag="ITM" ind1=" " ind2=" ">
      <subfield code="r">22299590100003811</subfield>
      <subfield code="b">1</subfield>
      <subfield code="h">0</subfield>
      <subfield code="g">stacks</subfield>
      <subfield code="t">BOOK</subfield>
      <subfield code="9">39074001718360</subfield>
      <subfield code="e">stacks</subfield>
      <subfield code="8">23299590090003811</subfield>
      <subfield code="a">0</subfield>
      <subfield code="i">BF38.A38</subfield>
      <subfield code="updated">2017-06-20 10:04:35</subfield>
      <subfield code="q">2017-06-20 10:04:04</subfield>
      <subfield code="d">AMBLER</subfield>
      <subfield code="f">AMBLER</subfield>
    </datafield>
    <datafield tag="ITM" ind1=" " ind2=" ">
      <subfield code="r">22299590190003811</subfield>
      <subfield code="b">1</subfield>
      <subfield code="h">0</subfield>
      <subfield code="g">g_remote</subfield>
      <subfield code="t">BOOK</subfield>
      <subfield code="9">32875500421299</subfield>
      <subfield code="e">g_remote</subfield>
      <subfield code="8">23299590180003811</subfield>
      <subfield code="a">0</subfield>
      <subfield code="i">BF38.A38</subfield>
      <subfield code="updated">2017-06-20 10:04:35</subfield>
      <subfield code="q">2017-06-20 10:04:04</subfield>
      <subfield code="d">KARDON</subfield>
      <subfield code="f">KARDON</subfield>
    </datafield>
  </record>