
  <record>
    <leader>02251nam a22004814i 4500</leader>
    <controlfield tag="005">20140428050948.0</controlfield>
    <controlfield tag="006">m     o  d        </controlfield>
    <controlfield tag="007">cr cn|||||||||</controlfield>
    <controlfield tag="008">140428s1999    ncua    ob    001 0 eng d</controlfield>
    <controlfield tag="001">991012155669703811</controlfield>
    <datafield tag="020" ind1=" " ind2=" ">
      <subfield code="a">9780822396154</subfield>
    </datafield>
    <datafield tag="020" ind1=" " ind2=" ">
      <subfield code="a">0822396157</subfield>
    </datafield>
    <datafield tag="020" ind1=" " ind2=" ">
      <subfield code="z">0822323559 (cloth : alk. paper)</subfield>
    </datafield>
    <datafield tag="020" ind1=" " ind2=" ">
      <subfield code="z">9780822323556 (cloth : alk. paper)</subfield>
    </datafield>
    <datafield tag="020" ind1=" " ind2=" ">
      <subfield code="z">0822323893 (paper : alk. paper)</subfield>
    </datafield>
    <datafield tag="020" ind1=" " ind2=" ">
      <subfield code="z">9780822323891 (paper : alk. paper)</subfield>
    </datafield>
    <datafield tag="035" ind1=" " ind2=" ">
      <subfield code="a">(PPT)b58422067-01tuli_inst</subfield>
    </datafield>
    <datafield tag="035" ind1=" " ind2=" ">
      <subfield code="a">878430592</subfield>
    </datafield>
    <datafield tag="040" ind1=" " ind2=" ">
      <subfield code="a">NDD</subfield>
      <subfield code="b">eng</subfield>
      <subfield code="e">rda</subfield>
      <subfield code="c">NDD</subfield>
    </datafield>
    <datafield tag="090" ind1=" " ind2=" ">
      <subfield code="a">TR681.W6</subfield>
      <subfield code="b">M38 1999eb</subfield>
    </datafield>
    <datafield tag="100" ind1="1" ind2=" ">
      <subfield code="a">Mavor, Carol,</subfield>
      <subfield code="d">1957-</subfield>
    </datafield>
    <datafield tag="245" ind1="1" ind2="0">
      <subfield code="a">Becoming</subfield>
      <subfield code="h">[electronic resource] :</subfield>
      <subfield code="b">the photographs of Clementina, Viscountess Hawarden /</subfield>
      <subfield code="c">Carol Mavor.</subfield>
    </datafield>
    <datafield tag="250" ind1=" " ind2=" ">
      <subfield code="a">1st edition.</subfield>
    </datafield>
    <datafield tag="264" ind1=" " ind2="1">
      <subfield code="a">Durham, NC :</subfield>
      <subfield code="b">Duke University Press,</subfield>
      <subfield code="c">1999.</subfield>
    </datafield>
    <datafield tag="300" ind1=" " ind2=" ">
      <subfield code="a">1 online resource (xxxiii, 213 pages) :</subfield>
      <subfield code="b">illustrations</subfield>
    </datafield>
    <datafield tag="336" ind1=" " ind2=" ">
      <subfield code="a">text</subfield>
      <subfield code="2">rdacontent</subfield>
    </datafield>
    <datafield tag="337" ind1=" " ind2=" ">
      <subfield code="a">computer</subfield>
      <subfield code="2">rdamedia</subfield>
    </datafield>
    <datafield tag="338" ind1=" " ind2=" ">
      <subfield code="a">online resource</subfield>
      <subfield code="2">rdacarrier</subfield>
    </datafield>
    <datafield tag="504" ind1=" " ind2=" ">
      <subfield code="a">Includes bibliographical references (pages [203]-209).</subfield>
    </datafield>
    <datafield tag="505" ind1="0" ind2="0">
      <subfield code="t">"Only, my secret's mine, and I won't tell" --</subfield>
      <subfield code="t">An Erotic Note --</subfield>
      <subfield code="t">A Queer Note --</subfield>
      <subfield code="t">Introduction: Adolescent Reverie --</subfield>
      <subfield code="t">Reduplicative Desires --</subfield>
      <subfield code="t">"In Which the Story Pauses a Little" --</subfield>
      <subfield code="t">Sapphic Narcissa --</subfield>
      <subfield code="t">Collecting Loss.</subfield>
    </datafield>
    <datafield tag="588" ind1=" " ind2=" ">
      <subfield code="a">Description based on print version record.</subfield>
    </datafield>
    <datafield tag="590" ind1=" " ind2=" ">
      <subfield code="a">Access is available to the Temple Community through use of a networked computer with a Temple IP address.</subfield>
    </datafield>
    <datafield tag="650" ind1=" " ind2="0">
      <subfield code="a">Photography of women.</subfield>
    </datafield>
    <datafield tag="600" ind1="1" ind2="0">
      <subfield code="a">Hawarden, Clementina,</subfield>
      <subfield code="c">Lady,</subfield>
      <subfield code="d">1822-1865</subfield>
      <subfield code="x">Criticism and interpretation.</subfield>
    </datafield>
    <datafield tag="655" ind1=" " ind2="0">
      <subfield code="a">Electronic books.</subfield>
    </datafield>
    <datafield tag="700" ind1="1" ind2=" ">
      <subfield code="a">Hawarden, Clementina,</subfield>
      <subfield code="c">Lady,</subfield>
      <subfield code="d">1822-1865.</subfield>
    </datafield>
    <datafield tag="710" ind1="2" ind2=" ">
      <subfield code="a">e-Duke books scholarly collection.</subfield>
    </datafield>
    <datafield tag="776" ind1="0" ind2="8">
      <subfield code="i">Print version:</subfield>
      <subfield code="a">Mavor, Carol, 1957-</subfield>
      <subfield code="t">Becoming.</subfield>
      <subfield code="b">1st ed.</subfield>
      <subfield code="d">Durham, NC : Duke University Press, 1001</subfield>
      <subfield code="z">0822323559</subfield>
      <subfield code="z">9780822323556</subfield>
      <subfield code="z">0822323893</subfield>
      <subfield code="z">9780822323891</subfield>
      <subfield code="w">(DLC)   99010105</subfield>
      <subfield code="w">(OCoLC)40602846</subfield>
    </datafield>
    <datafield tag="856" ind1="4" ind2="0">
      <subfield code="z">Access full text online.</subfield>
      <subfield code="u">http://libproxy.temple.edu/login?url=http://dx.doi.org/10.1215/9780822396154</subfield>
    </datafield>
    <datafield tag="907" ind1=" " ind2=" ">
      <subfield code="a">.b58422067</subfield>
      <subfield code="b">w    </subfield>
      <subfield code="c">-</subfield>
    </datafield>
    <datafield tag="902" ind1=" " ind2=" ">
      <subfield code="a">151007</subfield>
    </datafield>
    <datafield tag="998" ind1=" " ind2=" ">
      <subfield code="b">1</subfield>
      <subfield code="c">151010</subfield>
      <subfield code="d">m</subfield>
      <subfield code="e">@</subfield>
      <subfield code="f">-</subfield>
      <subfield code="g">0</subfield>
    </datafield>
    <datafield tag="902" ind1=" " ind2=" ">
      <subfield code="a">e-Duke books scholarly collection 2015-10-07</subfield>
    </datafield>
    <datafield tag="945" ind1=" " ind2=" ">
      <subfield code="l">w    </subfield>
      <subfield code="g">1</subfield>
    </datafield>
    <datafield tag="ADM" ind1=" " ind2=" ">
      <subfield code="b">2018-11-09 14:05:46</subfield>
      <subfield code="e">b58422067-01tuli_inst</subfield>
      <subfield code="d">ILS</subfield>
      <subfield code="a">2017-06-20 09:20:07</subfield>
      <subfield code="c">false</subfield>
    </datafield>
    <datafield tag="PRT" ind1=" " ind2=" ">
      <subfield code="updated">2020-03-11 18:27:22</subfield>
      <subfield code="i">61371603360003811</subfield>
      <subfield code="d">MAIN</subfield>
      <subfield code="c">e-Duke Books Scholarly Collection</subfield>
      <subfield code="created">2017-06-22 12:34:05</subfield>
      <subfield code="j">62426676310003811</subfield>
      <subfield code="a">53384114940003811</subfield>
      <subfield code="b">https://sandbox01-na.alma.exlibrisgroup.com/view/uresolver/01TULI_INST/openurl?u.ignore_date_coverage=true&amp;rft.mms_id=991012155669703811</subfield>
      <subfield code="9">Available</subfield>
      <subfield code="8">53384114940003811</subfield>
    </datafield>
  </record>