
  <record>
    <leader>03589nam a22006013u 4500</leader>
    <controlfield tag="001">991036818832403811</controlfield>
    <controlfield tag="005">20170814173901.0</controlfield>
    <controlfield tag="006">m        d        </controlfield>
    <controlfield tag="007">cr -n---------</controlfield>
    <controlfield tag="008">130708s2012|||||||     s|||||||||||eng|d</controlfield>
    <datafield tag="020" ind1=" " ind2=" ">
      <subfield code="a">1-4696-0141-9</subfield>
    </datafield>
    <datafield tag="035" ind1=" " ind2=" ">
      <subfield code="a">(CKB)2670000000238425</subfield>
    </datafield>
    <datafield tag="035" ind1=" " ind2=" ">
      <subfield code="a">(EBL)934368</subfield>
    </datafield>
    <datafield tag="035" ind1=" " ind2=" ">
      <subfield code="a">(OCoLC)798535460</subfield>
    </datafield>
    <datafield tag="035" ind1=" " ind2=" ">
      <subfield code="a">(SSID)ssj0000705648</subfield>
    </datafield>
    <datafield tag="035" ind1=" " ind2=" ">
      <subfield code="a">(PQKBManifestationID)12348394</subfield>
    </datafield>
    <datafield tag="035" ind1=" " ind2=" ">
      <subfield code="a">(PQKBTitleCode)TC0000705648</subfield>
    </datafield>
    <datafield tag="035" ind1=" " ind2=" ">
      <subfield code="a">(PQKBWorkID)10626131</subfield>
    </datafield>
    <datafield tag="035" ind1=" " ind2=" ">
      <subfield code="a">(PQKB)11498560</subfield>
    </datafield>
    <datafield tag="035" ind1=" " ind2=" ">
      <subfield code="a">(EXLCZ)992670000000238425</subfield>
    </datafield>
    <datafield tag="040" ind1=" " ind2=" ">
      <subfield code="a">AU-PeEL</subfield>
      <subfield code="b">eng</subfield>
      <subfield code="c">AU-PeEL</subfield>
      <subfield code="d">AU-PeEL</subfield>
    </datafield>
    <datafield tag="041" ind1=" " ind2=" ">
      <subfield code="a">eng</subfield>
    </datafield>
    <datafield tag="050" ind1=" " ind2="4">
      <subfield code="a">F1760 .P47 2012</subfield>
    </datafield>
    <datafield tag="082" ind1="0" ind2="0">
      <subfield code="a">972.91</subfield>
    </datafield>
    <datafield tag="100" ind1="1" ind2=" ">
      <subfield code="a">Perez, Louis A.</subfield>
    </datafield>
    <datafield tag="245" ind1="1" ind2="0">
      <subfield code="a">On Becoming Cuban</subfield>
      <subfield code="h">[electronic resource] :</subfield>
      <subfield code="b">Identity, Nationality, and Culture</subfield>
    </datafield>
    <datafield tag="246" ind1=" " ind2=" ">
      <subfield code="a">On Becoming Cuban </subfield>
    </datafield>
    <datafield tag="260" ind1=" " ind2=" ">
      <subfield code="a">Chapel Hill :</subfield>
      <subfield code="b">The University of North Carolina Press,</subfield>
      <subfield code="c">2012.</subfield>
    </datafield>
    <datafield tag="300" ind1=" " ind2=" ">
      <subfield code="a">1 online resource (602 p.)</subfield>
    </datafield>
    <datafield tag="336" ind1=" " ind2=" ">
      <subfield code="a">text</subfield>
      <subfield code="b">txt</subfield>
    </datafield>
    <datafield tag="337" ind1=" " ind2=" ">
      <subfield code="a">computer</subfield>
      <subfield code="b">c</subfield>
    </datafield>
    <datafield tag="338" ind1=" " ind2=" ">
      <subfield code="a">online resource</subfield>
      <subfield code="b">cr</subfield>
    </datafield>
    <datafield tag="490" ind1="0" ind2=" ">
      <subfield code="a">H. Eugene and Lillian Youngs Lehman series On becoming Cuban </subfield>
    </datafield>
    <datafield tag="500" ind1=" " ind2=" ">
      <subfield code="a">Description based upon print version of record.</subfield>
    </datafield>
    <datafield tag="505" ind1="0" ind2=" ">
      <subfield code="a">Cover; Contents; Preface to the Paperback Edition; Acknowledgments; Introduction; CHAPTER 1. Binding Familiarities; Sources of the Beginning; Defining Differences; Meanings in Transition; Toward Definition; Affirmation of Affinity; Nationality in Formation; CHAPTER 2. Persistence of Patterns; The Long War; Design without a Plan; The Order of the New; Terms of Adaptation; CHAPTER 3. Image of Identity; Travel as Transformation; Representation of Rhythm; CHAPTER 4. Points of Contact, Sources of Conflict; The Meaning of the Mill; The Presence of the Naval Station; The Evangelical Mission</subfield>
    </datafield>
    <datafield tag="505" ind1="8" ind2=" ">
      <subfield code="a">Baseball and BecomingCHAPTER 5. Sources of Possession; Between Image and Imagining; The Promise of Possibilities; Configurations of Nationality; CHAPTER 6. Assembling Alternatives; In Pursuit of Purpose; Between Arrangement and Arrival; Miami Meditations; CHAPTER 7. Illusive Expectations; The Reality of Experience; Lengthening Shadows; Revolution; Appendix: Tables; Notes; Index; A; B; C; D; E; F; G; H; I; J; K; L; M; N; O; P; Q; R; S; T; U; V; W; X; Y; Z</subfield>
    </datafield>
    <datafield tag="520" ind1=" " ind2=" ">
      <subfield code="a">With this masterful work, Louis A. Perez Jr. transforms the way we view Cuba and its relationship with the United States. On Becoming Cuban is a sweeping cultural history of the sustained encounter between the peoples of the two countries and of the ways that this encounter helped shape Cubans' identity, nationality, and sense of modernity from the early 1850s until the revolution of 1959.Using an enormous range of Cuban and U.S. sources--from archival records and oral interviews to popular magazines, novels, and motion pictures--Perez reveals a powerful web of everyday, bilater</subfield>
    </datafield>
    <datafield tag="546" ind1=" " ind2=" ">
      <subfield code="a">English</subfield>
    </datafield>
    <datafield tag="650" ind1=" " ind2="4">
      <subfield code="a">Cuba - Civilization - American influences.</subfield>
    </datafield>
    <datafield tag="650" ind1=" " ind2="4">
      <subfield code="a">Cuba -- Civilization -- American influences.</subfield>
    </datafield>
    <datafield tag="650" ind1=" " ind2="4">
      <subfield code="a">Cuba - Relations - United States.</subfield>
    </datafield>
    <datafield tag="650" ind1=" " ind2="4">
      <subfield code="a">Cuba -- Relations -- United States.</subfield>
    </datafield>
    <datafield tag="650" ind1=" " ind2="4">
      <subfield code="a">Nationalism - Cuba - History.</subfield>
    </datafield>
    <datafield tag="650" ind1=" " ind2="4">
      <subfield code="a">Nationalism -- Cuba -- History.</subfield>
    </datafield>
    <datafield tag="650" ind1=" " ind2="4">
      <subfield code="a">United States - Relations - Cuba.</subfield>
    </datafield>
    <datafield tag="650" ind1=" " ind2="4">
      <subfield code="a">United States -- Relations -- Cuba.</subfield>
    </datafield>
    <datafield tag="655" ind1=" " ind2="0">
      <subfield code="a">Electronic books.</subfield>
    </datafield>
    <datafield tag="650" ind1=" " ind2="0">
      <subfield code="a">Nationalism</subfield>
      <subfield code="x">History</subfield>
      <subfield code="z">Cuba</subfield>
    </datafield>
    <datafield tag="650" ind1=" " ind2="7">
      <subfield code="a">Regions &amp; Countries - Americas</subfield>
      <subfield code="2">HILCC</subfield>
    </datafield>
    <datafield tag="650" ind1=" " ind2="7">
      <subfield code="a">History &amp; Archaeology</subfield>
      <subfield code="2">HILCC</subfield>
    </datafield>
    <datafield tag="650" ind1=" " ind2="7">
      <subfield code="a">Latin America</subfield>
      <subfield code="2">HILCC</subfield>
    </datafield>
    <datafield tag="700" ind1=" " ind2=" ">
      <subfield code="a">P&#xE2;erez, Louis A.</subfield>
      <subfield code="e">Author</subfield>
    </datafield>
    <datafield tag="776" ind1=" " ind2=" ">
      <subfield code="z">0-8078-5899-4</subfield>
    </datafield>
    <datafield tag="906" ind1=" " ind2=" ">
      <subfield code="a">BOOK</subfield>
    </datafield>
    <datafield tag="ADM" ind1=" " ind2=" ">
      <subfield code="b">2018-11-05 16:45:30</subfield>
      <subfield code="e">2670000000238425</subfield>
      <subfield code="d">PQNKB</subfield>
      <subfield code="f">20160803134623.0</subfield>
      <subfield code="a">2012-09-23 02:25:47</subfield>
      <subfield code="c">false</subfield>
    </datafield>
    <datafield tag="PRT" ind1=" " ind2=" ">
      <subfield code="updated">2018-11-05 16:47:20</subfield>
      <subfield code="i">61437208860003811</subfield>
      <subfield code="e">EBSCOhost</subfield>
      <subfield code="c">Ebscohost Ebooks University Press Collection (North America)</subfield>
      <subfield code="created">2018-11-05 16:45:36</subfield>
      <subfield code="j">62437208850003811</subfield>
      <subfield code="a">53437736650003811</subfield>
      <subfield code="b">https://sandbox01-na.alma.exlibrisgroup.com/view/uresolver/01TULI_INST/openurl?u.ignore_date_coverage=true&amp;rft.mms_id=991036818832403811</subfield>
      <subfield code="9">Available</subfield>
      <subfield code="h">614930000000000023</subfield>
      <subfield code="8">53437736650003811</subfield>
    </datafield>
    <datafield tag="PRT" ind1=" " ind2=" ">
      <subfield code="updated">2018-03-18 05:25:01</subfield>
      <subfield code="i">61406135080003811</subfield>
      <subfield code="e">EBSCOhost</subfield>
      <subfield code="c">EBSCOhost eBook History Collection - North America</subfield>
      <subfield code="created">2017-12-18 20:37:54</subfield>
      <subfield code="j">62406135070003811</subfield>
      <subfield code="a">53406220100003811</subfield>
      <subfield code="b">https://sandbox01-na.alma.exlibrisgroup.com/view/uresolver/01TULI_INST/openurl?u.ignore_date_coverage=true&amp;rft.mms_id=991036818832403811</subfield>
      <subfield code="9">Available</subfield>
      <subfield code="h">613790000000001582</subfield>
      <subfield code="8">53406220100003811</subfield>
    </datafield>
    <datafield tag="PRT" ind1=" " ind2=" ">
      <subfield code="updated">2017-07-08 16:05:02</subfield>
      <subfield code="i">61395691750003811</subfield>
      <subfield code="e">EBSCOhost</subfield>
      <subfield code="c">EBSCOhost eBook Community College Collection</subfield>
      <subfield code="created">2017-07-08 16:04:17</subfield>
      <subfield code="j">62395691740003811</subfield>
      <subfield code="a">53396600800003811</subfield>
      <subfield code="b">https://sandbox01-na.alma.exlibrisgroup.com/view/uresolver/01TULI_INST/openurl?u.ignore_date_coverage=true&amp;rft.mms_id=991036818832403811</subfield>
      <subfield code="9">Available</subfield>
      <subfield code="h">613860000000000003</subfield>
      <subfield code="8">53396600800003811</subfield>
    </datafield>
  </record>