
  <record>
    <leader>05835cam a2200469Ii 4500</leader>
    <controlfield tag="005">20190715213958.0</controlfield>
    <controlfield tag="008">141013s2015    enka     b    001 0 eng d</controlfield>
    <controlfield tag="001">991010606819703811</controlfield>
    <datafield tag="010" ind1=" " ind2=" ">
      <subfield code="a">2014943262</subfield>
    </datafield>
    <datafield tag="020" ind1=" " ind2=" ">
      <subfield code="a">9780198713272</subfield>
    </datafield>
    <datafield tag="020" ind1=" " ind2=" ">
      <subfield code="a">0198713274</subfield>
    </datafield>
    <datafield tag="035" ind1=" " ind2=" ">
      <subfield code="a">(PPT)b58073565-01tuli_inst</subfield>
    </datafield>
    <datafield tag="035" ind1=" " ind2=" ">
      <subfield code="a">(OCoLC)ocn913567816</subfield>
      <subfield code="9">ExL</subfield>
    </datafield>
    <datafield tag="035" ind1=" " ind2=" ">
      <subfield code="a">(OCoLC)892895261</subfield>
    </datafield>
    <datafield tag="035" ind1=" " ind2=" ">
      <subfield code="a">ocn892895261</subfield>
    </datafield>
    <datafield tag="035" ind1=" " ind2=" ">
      <subfield code="a">(OCLC)ocn892895261</subfield>
    </datafield>
    <datafield tag="040" ind1=" " ind2=" ">
      <subfield code="a">BTCTA</subfield>
      <subfield code="b">eng</subfield>
      <subfield code="c">BTCTA</subfield>
      <subfield code="d">BDX</subfield>
      <subfield code="d">UKMGB</subfield>
      <subfield code="d">CDX</subfield>
      <subfield code="d">YDXCP</subfield>
      <subfield code="d">OCLCO</subfield>
      <subfield code="d">MYG</subfield>
      <subfield code="d">OCLCF</subfield>
      <subfield code="d">OCL</subfield>
      <subfield code="d">DLC</subfield>
    </datafield>
    <datafield tag="079" ind1=" " ind2=" ">
      <subfield code="a">ocn892895261</subfield>
    </datafield>
    <datafield tag="090" ind1=" " ind2=" ">
      <subfield code="a">BD638</subfield>
      <subfield code="b">.S56 2015</subfield>
    </datafield>
    <datafield tag="100" ind1="1" ind2=" ">
      <subfield code="a">Skow, Bradford</subfield>
      <subfield code="e">author.</subfield>
      <subfield code="0">http://id.loc.gov/authorities/names/no2015054348</subfield>
    </datafield>
    <datafield tag="245" ind1="1" ind2="0">
      <subfield code="a">Objective becoming /</subfield>
      <subfield code="c">Bradford Skow.</subfield>
    </datafield>
    <datafield tag="264" ind1=" " ind2="1">
      <subfield code="a">Oxford :</subfield>
      <subfield code="b">Oxford University Press,</subfield>
      <subfield code="c">[2015]</subfield>
    </datafield>
    <datafield tag="264" ind1=" " ind2="4">
      <subfield code="c">&#xA9;2015</subfield>
    </datafield>
    <datafield tag="300" ind1=" " ind2=" ">
      <subfield code="a">xi, 249 pages :</subfield>
      <subfield code="b">illustrations ;</subfield>
      <subfield code="c">24 cm</subfield>
    </datafield>
    <datafield tag="336" ind1=" " ind2=" ">
      <subfield code="a">text</subfield>
      <subfield code="b">txt</subfield>
      <subfield code="2">rdacontent</subfield>
    </datafield>
    <datafield tag="337" ind1=" " ind2=" ">
      <subfield code="a">unmediated</subfield>
      <subfield code="b">n</subfield>
      <subfield code="2">rdamedia</subfield>
    </datafield>
    <datafield tag="338" ind1=" " ind2=" ">
      <subfield code="a">volume</subfield>
      <subfield code="b">nc</subfield>
      <subfield code="2">rdacarrier</subfield>
    </datafield>
    <datafield tag="504" ind1=" " ind2=" ">
      <subfield code="a">Includes bibliographical references (pages [237]-243) and index.</subfield>
    </datafield>
    <datafield tag="520" ind1=" " ind2=" ">
      <subfield code="a">What does the passage of time consist in? There are some suggestive metaphors. "Events approach us, pass us, and recede from us, like sticks and leaves floating on the river of time." "We are moving from the past into the future, like ships sailing into an unknown ocean." There is surely something right and deep about these metaphors. But how close are they to the literal truth? In this book Bradford Skow argues that they are far from the literal truth. Skow's argument takes the form of a defense of the block universe theory of time, a theory that, in many ways, treats time as a dimension of reality that closely resembles the three dimensions of space. Opposed to the block universe theory of time are theories that take the metaphors more seriously: presentism, the moving spotlight theory, the growing block theory, and the branching time theory. These are theories of "robust" passage of time, or "objective becoming." Skow argues that the best of these theories, the block universe theory's most worthy opponent, is the moving spotlight theory, the theory that says that "presentness" moves along the series of times from the past into the future. Skow defends the moving spotlight theory against the objection that it is inconsistent, and the objection that it cannot answer the question of how fast time passes. He also defends it against the objection that it is incompatible with Einstein's theory of relativity. Skow proposes several ways in which the moving spotlight theory may be made compatible with the theory of relativity. Still, this book is ultimately a defense of the block universe theory, not of the moving spotlight theory. Skow holds that the best arguments against the block universe theory, and for the moving spotlight theory, start from the idea that, somehow, the passage of time is given to us in experience. Skow discusses several different arguments that start from this idea, and argues that they all fail. Book jacket.</subfield>
    </datafield>
    <datafield tag="505" ind1="0" ind2=" ">
      <subfield code="a">Introduction: Time Passes? -- The Block Universe -- Spacetime -- The Picture and the Theory -- The Denial of Passage -- Appendix: What the Block Universe Theory is Not -- Appendix: Other Versions of Reductionism about Tense -- What Might Robust Passage Be? -- Passage and "Real Change" -- Presentism -- Passage and Presentism -- Two Metaphors for Passage -- Appendix: More on Passage and Presentism -- The Moving Spotlight -- Can Time Itself Move or Flow? -- The Moving Spotlight via Supertense -- The Moving Spotlight via Temporal Perspectives -- Appendix: MST-Time with Absolute Presentness -- Appendix: A-IST-Time and Semantic Relativism -- Growing Blocks and Branching Times -- Two More Theories of Robust Passage -- The Open Future -- Appendix: A Remark on the Structure of Theories of Time -- The Moving Spotlight Theory is Consistent -- The Nuclear Option -- McTaggart -- McTaggart Redux: Smith -- McTaggart Redux: Mellor -- McTaggart Redux: Van Cleve -- How Fast Does Time Pass? -- An Unanswerable Question? -- Changes without Rates of Change -- Seconds and Superseconds -- Arguments from Dimensional Analysis -- Odds and Ends -- The Challenge from Relativity -- Time in Minkowski Spacetime -- Preview -- Inconsistency -- Relativity and the Passage of Time -- Neo-classical Spotlight Theories, I -- Further Notes on Type-N Theories -- Neo-classical Spotlight Theories, II -- Superspacetime Theories -- Beyond Special Relativity -- Appendix: Spatially Extended Presents without Underdetermination -- Appendix: Relativity and the Block Universe -- Can We Move through Time? -- Making Sense of the Idea -- Moving through Time and Persisting through Time -- Evaluating the Theory -- Passage and Experience, I -- Arguing for Robust Passage -- The Argument from the Content of Experience, I -- The Argument from the Content of Experience, II -- The Argument from the Phenomenal Character of Experience -- Passage and Experience, II -- The Argument from the Presented Experience -- Spotlight vs. Spotlight -- Accepting Availability -- Evaluating the Options -- Appendix: Availability without the Stage Theory? -- Appendix: Thank Goodness That's Over -- Concluding Thoughts: Passage and Time-biased Preferences.</subfield>
    </datafield>
    <datafield tag="650" ind1=" " ind2="0">
      <subfield code="a">Time</subfield>
      <subfield code="x">Philosophy.</subfield>
      <subfield code="0">http://id.loc.gov/authorities/subjects/sh2008112898</subfield>
    </datafield>
    <datafield tag="650" ind1=" " ind2="7">
      <subfield code="a">Time</subfield>
      <subfield code="x">Philosophy.</subfield>
      <subfield code="2">fast</subfield>
      <subfield code="0">http://id.worldcat.org/fast/1151053</subfield>
    </datafield>
    <datafield tag="650" ind1=" " ind2="0">
      <subfield code="a">Becoming (Philosophy)</subfield>
      <subfield code="0">http://id.loc.gov/authorities/subjects/sh85012758</subfield>
    </datafield>
    <datafield tag="650" ind1=" " ind2="7">
      <subfield code="a">Becoming (Philosophy)</subfield>
      <subfield code="2">fast</subfield>
      <subfield code="0">http://id.worldcat.org/fast/829456</subfield>
    </datafield>
    <datafield tag="902" ind1=" " ind2=" ">
      <subfield code="a">MARCIVE-BF 20190703</subfield>
    </datafield>
    <datafield tag="903" ind1=" " ind2=" ">
      <subfield code="a">MARCIVE-TOC201904</subfield>
    </datafield>
    <datafield tag="904" ind1=" " ind2=" ">
      <subfield code="a">MARCIVE 20200408</subfield>
    </datafield>
    <datafield tag="907" ind1=" " ind2=" ">
      <subfield code="a">.b58073565</subfield>
      <subfield code="b">p    </subfield>
      <subfield code="c">-</subfield>
    </datafield>
    <datafield tag="945" ind1=" " ind2=" ">
      <subfield code="l">pstk </subfield>
      <subfield code="g">1</subfield>
    </datafield>
    <datafield tag="979" ind1=" " ind2=" ">
      <subfield code="a">ocn892895261</subfield>
    </datafield>
    <datafield tag="998" ind1=" " ind2=" ">
      <subfield code="b">1</subfield>
      <subfield code="c">150619</subfield>
      <subfield code="d">m</subfield>
      <subfield code="e">a</subfield>
      <subfield code="f">-</subfield>
      <subfield code="g">0</subfield>
    </datafield>
    <datafield tag="998" ind1=" " ind2=" ">
      <subfield code="a">06/19/15</subfield>
      <subfield code="s">LC</subfield>
      <subfield code="c">AT</subfield>
    </datafield>
    <datafield tag="ADM" ind1=" " ind2=" ">
      <subfield code="b">2020-07-02 13:49:00</subfield>
      <subfield code="e">b58073565-01tuli_inst</subfield>
      <subfield code="d">MARCIVE</subfield>
      <subfield code="f">20190607204519.0</subfield>
      <subfield code="a">2017-06-20 10:33:00</subfield>
      <subfield code="c">false</subfield>
    </datafield>
    <datafield tag="HLD" ind1="0" ind2=" ">
      <subfield code="b">ASRS</subfield>
      <subfield code="c">ASRS</subfield>
      <subfield code="h"> BD638 </subfield>
      <subfield code="i"> .S56 2015 </subfield>
      <subfield code="8">22465217450003811</subfield>
      <subfield code="updated">2019-05-03 21:04:30</subfield>
      <subfield code="created">2019-05-03 21:04:27</subfield>
    </datafield>
    <datafield tag="ITM" ind1=" " ind2=" ">
      <subfield code="r">22465217450003811</subfield>
      <subfield code="b">1</subfield>
      <subfield code="h">0</subfield>
      <subfield code="g">ASRS</subfield>
      <subfield code="t">BOOK</subfield>
      <subfield code="9">39074028789030</subfield>
      <subfield code="e">ASRS</subfield>
      <subfield code="8">23303963410003811</subfield>
      <subfield code="a">0</subfield>
      <subfield code="i">BD638 .S56 2015</subfield>
      <subfield code="updated">2019-05-03 21:04:59</subfield>
      <subfield code="q">2017-06-20 10:33:00</subfield>
      <subfield code="d">ASRS</subfield>
      <subfield code="f">ASRS</subfield>
    </datafield>
  </record>