
  <record>
    <leader>01967cam a22004814a 4500</leader>
    <controlfield tag="005">20180315195743.0</controlfield>
    <controlfield tag="006">m        d        </controlfield>
    <controlfield tag="007">cr||||||||nn|n</controlfield>
    <controlfield tag="008">111021s2012    ohu     o  d        eng d</controlfield>
    <controlfield tag="001">991028219919703811</controlfield>
    <datafield tag="010" ind1=" " ind2=" ">
      <subfield code="z">2011043452</subfield>
    </datafield>
    <datafield tag="020" ind1=" " ind2=" ">
      <subfield code="z">9780821419991 (hc : alk. paper)</subfield>
    </datafield>
    <datafield tag="020" ind1=" " ind2=" ">
      <subfield code="a">9780821444153 (electronic)</subfield>
    </datafield>
    <datafield tag="035" ind1=" " ind2=" ">
      <subfield code="a">(PPT)b51790919-01tuli_inst</subfield>
    </datafield>
    <datafield tag="035" ind1=" " ind2=" ">
      <subfield code="a">(MdBmJHUP)muse9780821444153</subfield>
      <subfield code="9">ExL</subfield>
    </datafield>
    <datafield tag="040" ind1=" " ind2=" ">
      <subfield code="a">MdBmJHUP</subfield>
      <subfield code="c">MdBmJHUP</subfield>
    </datafield>
    <datafield tag="090" ind1=" " ind2=" ">
      <subfield code="a">B3318.O5</subfield>
      <subfield code="b">D55 2012eb</subfield>
    </datafield>
    <datafield tag="100" ind1="1" ind2=" ">
      <subfield code="a">Dillon, M. C.</subfield>
      <subfield code="q">(Martin C.),</subfield>
      <subfield code="d">1938-2005.</subfield>
    </datafield>
    <datafield tag="240" ind1="0" ind2="0">
      <subfield code="a">Art, truth, and illusion</subfield>
    </datafield>
    <datafield tag="245" ind1="1" ind2="4">
      <subfield code="a">The ontology of becoming ;</subfield>
      <subfield code="h">[electronic resource] :</subfield>
      <subfield code="b">and, The ethics of particularity /</subfield>
      <subfield code="c">M.C. Dillon ; edited by Lawrence Hass.</subfield>
    </datafield>
    <datafield tag="260" ind1=" " ind2=" ">
      <subfield code="a">Athens :</subfield>
      <subfield code="b">Ohio University Press,</subfield>
      <subfield code="c">c2012.</subfield>
      <subfield code="e">(Baltimore, Md. :</subfield>
      <subfield code="f">Project MUSE, </subfield>
      <subfield code="g">2012)</subfield>
    </datafield>
    <datafield tag="300" ind1=" " ind2=" ">
      <subfield code="a">1 online resource ( p.)</subfield>
    </datafield>
    <datafield tag="504" ind1=" " ind2=" ">
      <subfield code="a">Includes bibliographical references (p.         ) and index.</subfield>
    </datafield>
    <datafield tag="505" ind1="0" ind2=" ">
      <subfield code="a">Art, truth, and illusion -- Ethics of particularity.</subfield>
    </datafield>
    <datafield tag="588" ind1=" " ind2=" ">
      <subfield code="a">Description based on print version record.</subfield>
    </datafield>
    <datafield tag="590" ind1=" " ind2=" ">
      <subfield code="a">Access is available to the Temple Community through use of a networked computer with a Temple IP address.</subfield>
    </datafield>
    <datafield tag="600" ind1="1" ind2="0">
      <subfield code="a">Merleau-Ponty, Maurice,</subfield>
      <subfield code="d">1908-1961.</subfield>
    </datafield>
    <datafield tag="600" ind1="1" ind2="0">
      <subfield code="a">Nietzsche, Friedrich Wilhelm,</subfield>
      <subfield code="d">1844-1900.</subfield>
    </datafield>
    <datafield tag="650" ind1=" " ind2="0">
      <subfield code="a">Intersubjectivity.</subfield>
    </datafield>
    <datafield tag="650" ind1=" " ind2="0">
      <subfield code="a">Ethics.</subfield>
    </datafield>
    <datafield tag="650" ind1=" " ind2="0">
      <subfield code="a">Becoming (Philosophy)</subfield>
    </datafield>
    <datafield tag="650" ind1=" " ind2="0">
      <subfield code="a">Ontology.</subfield>
    </datafield>
    <datafield tag="655" ind1=" " ind2="0">
      <subfield code="a">Electronic books.</subfield>
    </datafield>
    <datafield tag="700" ind1="1" ind2="2">
      <subfield code="a">Dillon, M. C.</subfield>
      <subfield code="q">(Martin C.),</subfield>
      <subfield code="d">1938-2005.</subfield>
      <subfield code="t">Ethics of particularity.</subfield>
    </datafield>
    <datafield tag="700" ind1="1" ind2=" ">
      <subfield code="a">Hass, Lawrence.</subfield>
    </datafield>
    <datafield tag="710" ind1="2" ind2=" ">
      <subfield code="a">Project Muse.</subfield>
    </datafield>
    <datafield tag="830" ind1=" " ind2="0">
      <subfield code="a">UPCC book collections on Project MUSE.</subfield>
    </datafield>
    <datafield tag="856" ind1="4" ind2="0">
      <subfield code="z">Full text available: </subfield>
      <subfield code="u">http://libproxy.temple.edu/login?url=http://muse.jhu.edu/books/9780821444153/</subfield>
    </datafield>
    <datafield tag="902" ind1=" " ind2=" ">
      <subfield code="a">160720</subfield>
    </datafield>
    <datafield tag="902" ind1=" " ind2=" ">
      <subfield code="a">Project Muse - UPCC Current Complete Collection 2012-05-02</subfield>
    </datafield>
    <datafield tag="907" ind1=" " ind2=" ">
      <subfield code="a">.b51790919</subfield>
      <subfield code="b">w    </subfield>
      <subfield code="c">-</subfield>
    </datafield>
    <datafield tag="945" ind1=" " ind2=" ">
      <subfield code="l">w    </subfield>
      <subfield code="g">1</subfield>
    </datafield>
    <datafield tag="998" ind1=" " ind2=" ">
      <subfield code="b">1</subfield>
      <subfield code="c">120505</subfield>
      <subfield code="d">m</subfield>
      <subfield code="e">@</subfield>
      <subfield code="f">-</subfield>
      <subfield code="g">4</subfield>
    </datafield>
    <datafield tag="ADM" ind1=" " ind2=" ">
      <subfield code="b">2020-04-13 09:13:16</subfield>
      <subfield code="e">b51790919-01tuli_inst</subfield>
      <subfield code="d">ILS</subfield>
      <subfield code="a">2017-06-20 13:23:34</subfield>
      <subfield code="c">false</subfield>
    </datafield>
    <datafield tag="PRT" ind1=" " ind2=" ">
      <subfield code="updated">2018-02-01 19:49:41</subfield>
      <subfield code="i">61381939910003811</subfield>
      <subfield code="d">MAIN</subfield>
      <subfield code="c">Project Muse eBook Collection</subfield>
      <subfield code="created">2017-06-22 11:13:17</subfield>
      <subfield code="j">62409627570003811</subfield>
      <subfield code="a">53378231000003811</subfield>
      <subfield code="b">https://sandbox01-na.alma.exlibrisgroup.com/view/uresolver/01TULI_INST/openurl?u.ignore_date_coverage=true&amp;rft.mms_id=991028219919703811</subfield>
      <subfield code="f">Full text available: </subfield>
      <subfield code="9">Available</subfield>
      <subfield code="8">53378231000003811</subfield>
    </datafield>
  </record>