
  <record>
    <leader>04241cam a2200601 a 4500</leader>
    <controlfield tag="005">20190715231800.0</controlfield>
    <controlfield tag="008">100622s2011    nyu      b    100 0 eng  </controlfield>
    <controlfield tag="001">991016837389703811</controlfield>
    <datafield tag="010" ind1=" " ind2=" ">
      <subfield code="a">2010026350</subfield>
    </datafield>
    <datafield tag="020" ind1=" " ind2=" ">
      <subfield code="a">9780823232086</subfield>
      <subfield code="q">cloth</subfield>
      <subfield code="q">alkaline paper</subfield>
    </datafield>
    <datafield tag="020" ind1=" " ind2=" ">
      <subfield code="a">0823232085</subfield>
      <subfield code="q">cloth</subfield>
      <subfield code="q">alkaline paper</subfield>
    </datafield>
    <datafield tag="020" ind1=" " ind2=" ">
      <subfield code="a">9780823232093</subfield>
      <subfield code="q">paperback</subfield>
      <subfield code="q">alkaline paper</subfield>
    </datafield>
    <datafield tag="020" ind1=" " ind2=" ">
      <subfield code="a">0823232093</subfield>
      <subfield code="q">paperback</subfield>
      <subfield code="q">alkaline paper</subfield>
    </datafield>
    <datafield tag="020" ind1=" " ind2=" ">
      <subfield code="a">9780823232109</subfield>
      <subfield code="q">ebook</subfield>
    </datafield>
    <datafield tag="020" ind1=" " ind2=" ">
      <subfield code="a">0823232107</subfield>
      <subfield code="q">ebook</subfield>
    </datafield>
    <datafield tag="035" ind1=" " ind2=" ">
      <subfield code="a">(PPT)b48750347-01tuli_inst</subfield>
    </datafield>
    <datafield tag="035" ind1=" " ind2=" ">
      <subfield code="a">(OCoLC)ocn754748985</subfield>
      <subfield code="9">ExL</subfield>
    </datafield>
    <datafield tag="035" ind1=" " ind2=" ">
      <subfield code="a">(OCoLC)645789992</subfield>
    </datafield>
    <datafield tag="035" ind1=" " ind2=" ">
      <subfield code="a">ocn645789992</subfield>
    </datafield>
    <datafield tag="035" ind1=" " ind2=" ">
      <subfield code="a">(OCLC)ocn645789992</subfield>
    </datafield>
    <datafield tag="040" ind1=" " ind2=" ">
      <subfield code="a">DLC</subfield>
      <subfield code="b">eng</subfield>
      <subfield code="c">DLC</subfield>
      <subfield code="d">YDX</subfield>
      <subfield code="d">YDXCP</subfield>
      <subfield code="d">NLGGC</subfield>
      <subfield code="d">CDX</subfield>
      <subfield code="d">INU</subfield>
    </datafield>
    <datafield tag="079" ind1=" " ind2=" ">
      <subfield code="a">ocn645789992</subfield>
    </datafield>
    <datafield tag="090" ind1=" " ind2=" ">
      <subfield code="a">B1674.W354</subfield>
      <subfield code="b">I57 2011b</subfield>
    </datafield>
    <datafield tag="111" ind1="2" ind2=" ">
      <subfield code="a">International Whitehead Conference</subfield>
      <subfield code="n">(6th :</subfield>
      <subfield code="d">2006 :</subfield>
      <subfield code="c">Salzburg, Austria)</subfield>
      <subfield code="0">http://id.loc.gov/authorities/names/no2009085046</subfield>
      <subfield code="c">(Universita&#x308;t Salzburg)</subfield>
    </datafield>
    <datafield tag="245" ind1="1" ind2="0">
      <subfield code="a">Secrets of becoming :</subfield>
      <subfield code="b">negotiating Whitehead, Deleuze, and Butler /</subfield>
      <subfield code="c">edited by Roland Faber and Andrea M. Stephenson.</subfield>
    </datafield>
    <datafield tag="250" ind1=" " ind2=" ">
      <subfield code="a">First edition.</subfield>
    </datafield>
    <datafield tag="264" ind1=" " ind2="1">
      <subfield code="a">New York :</subfield>
      <subfield code="b">Fordham University Press,</subfield>
      <subfield code="c">2011.</subfield>
    </datafield>
    <datafield tag="300" ind1=" " ind2=" ">
      <subfield code="a">xx, 277 pages ;</subfield>
      <subfield code="c">23 cm</subfield>
    </datafield>
    <datafield tag="336" ind1=" " ind2=" ">
      <subfield code="a">text</subfield>
      <subfield code="b">txt</subfield>
      <subfield code="2">rdacontent</subfield>
    </datafield>
    <datafield tag="337" ind1=" " ind2=" ">
      <subfield code="a">unmediated</subfield>
      <subfield code="b">n</subfield>
      <subfield code="2">rdamedia</subfield>
    </datafield>
    <datafield tag="338" ind1=" " ind2=" ">
      <subfield code="a">volume</subfield>
      <subfield code="b">nc</subfield>
      <subfield code="2">rdacarrier</subfield>
    </datafield>
    <datafield tag="500" ind1=" " ind2=" ">
      <subfield code="a">The essays from the conference have been substantially rev. and new material has been added.</subfield>
    </datafield>
    <datafield tag="504" ind1=" " ind2=" ">
      <subfield code="a">Includes bibliographical references (pages 265-273).</subfield>
    </datafield>
    <datafield tag="505" ind1="0" ind2="0">
      <subfield code="g">Machine generated contents note:</subfield>
      <subfield code="g">pt. One</subfield>
      <subfield code="t">Negotiating Events and Multiplicities --</subfield>
      <subfield code="g">1.</subfield>
      <subfield code="t">Whitehead, Post-Structuralism, and Realism /</subfield>
      <subfield code="r">Keith Robinson --</subfield>
      <subfield code="g">2.</subfield>
      <subfield code="t">Nomad Thought: Deleuze, Whitehead, and the Adventure of Thinking /</subfield>
      <subfield code="r">Jeff Bell --</subfield>
      <subfield code="g">3.</subfield>
      <subfield code="t">Transcendental Empiricism in Deleuze and Whitehead /</subfield>
      <subfield code="r">Steven Shaviro --</subfield>
      <subfield code="g">4.</subfield>
      <subfield code="t">Can We Be Wolves? Intersections between Deleuze's Difference and Repetition and Butler's Performativity /</subfield>
      <subfield code="r">Andrea M. Stephenson --</subfield>
      <subfield code="g">pt. Two</subfield>
      <subfield code="t">Negotiating Bodies and Societies --</subfield>
      <subfield code="g">5.</subfield>
      <subfield code="t">Butler and Whitehead on the (Social) Body /</subfield>
      <subfield code="r">Michael Halewood --</subfield>
      <subfield code="g">6.</subfield>
      <subfield code="t">Conflict /</subfield>
      <subfield code="r">Isabella Palin --</subfield>
      <subfield code="g">7.</subfield>
      <subfield code="t">Becoming through Multiplicity: Staying in the Middle of Whitehead's and Deleuze-Guattari's Philosophies of Life /</subfield>
      <subfield code="r">Luke B. Higgins --</subfield>
      <subfield code="g">pt. Three</subfield>
      <subfield code="t">Negotiating Immanence and Divinity --</subfield>
      <subfield code="g">8.</subfield>
      <subfield code="t">Surrationality and Chaosmos: For a More Deleuzian Whitehead (with a Butlerian Intervention) /</subfield>
      <subfield code="r">Roland Faber --</subfield>
      <subfield code="g">9.</subfield>
      <subfield code="t">Divine Possibilities: Becoming an Order without Law /</subfield>
      <subfield code="r">Alan R. Van Wyk --</subfield>
      <subfield code="g">10.</subfield>
      <subfield code="t">"God Is a Lobster": Whitehead's Receptacle Meets the Deleuzian Sieve /</subfield>
      <subfield code="r">Sigridur Gudmarsdottir --</subfield>
      <subfield code="g">11.</subfield>
      <subfield code="t">Uninteresting Truth? Tedium and Event in Postmodernity /</subfield>
      <subfield code="r">Catherine Keller.</subfield>
    </datafield>
    <datafield tag="650" ind1=" " ind2="0">
      <subfield code="a">Becoming (Philosophy)</subfield>
      <subfield code="0">http://id.loc.gov/authorities/subjects/sh85012758</subfield>
      <subfield code="v">Congresses.</subfield>
      <subfield code="0">http://id.loc.gov/authorities/subjects/sh99001533</subfield>
    </datafield>
    <datafield tag="650" ind1=" " ind2="7">
      <subfield code="a">Becoming (Philosophy)</subfield>
      <subfield code="2">fast</subfield>
      <subfield code="0">http://id.worldcat.org/fast/829456</subfield>
    </datafield>
    <datafield tag="655" ind1=" " ind2="7">
      <subfield code="a">Conference papers and proceedings.</subfield>
      <subfield code="2">lcgft</subfield>
      <subfield code="0">http://id.loc.gov/authorities/genreForms/gf2014026068</subfield>
    </datafield>
    <datafield tag="655" ind1=" " ind2="7">
      <subfield code="a">Conference papers and proceedings.</subfield>
      <subfield code="2">fast</subfield>
      <subfield code="0">http://id.worldcat.org/fast/1423772</subfield>
    </datafield>
    <datafield tag="600" ind1="1" ind2="0">
      <subfield code="a">Whitehead, Alfred North,</subfield>
      <subfield code="d">1861-1947</subfield>
      <subfield code="v">Congresses.</subfield>
      <subfield code="0">http://id.loc.gov/authorities/names/n79058622</subfield>
      <subfield code="0">http://id.loc.gov/authorities/subjects/sh99001533</subfield>
    </datafield>
    <datafield tag="600" ind1="1" ind2="7">
      <subfield code="a">Whitehead, Alfred North,</subfield>
      <subfield code="d">1861-1947.</subfield>
      <subfield code="2">fast</subfield>
      <subfield code="0">http://id.worldcat.org/fast/36159</subfield>
    </datafield>
    <datafield tag="600" ind1="1" ind2="0">
      <subfield code="a">Deleuze, Gilles,</subfield>
      <subfield code="d">1925-1995</subfield>
      <subfield code="v">Congresses.</subfield>
      <subfield code="0">http://id.loc.gov/authorities/names/n79006797</subfield>
      <subfield code="0">http://id.loc.gov/authorities/subjects/sh99001533</subfield>
    </datafield>
    <datafield tag="600" ind1="1" ind2="7">
      <subfield code="a">Deleuze, Gilles,</subfield>
      <subfield code="d">1925-1995.</subfield>
      <subfield code="2">fast</subfield>
      <subfield code="0">http://id.worldcat.org/fast/1427364</subfield>
    </datafield>
    <datafield tag="600" ind1="1" ind2="0">
      <subfield code="a">Butler, Judith,</subfield>
      <subfield code="d">1956-</subfield>
      <subfield code="0">http://id.loc.gov/authorities/names/n99035460</subfield>
      <subfield code="v">Congresses.</subfield>
      <subfield code="0">http://id.loc.gov/authorities/subjects/sh99001533</subfield>
    </datafield>
    <datafield tag="600" ind1="1" ind2="7">
      <subfield code="a">Butler, Judith,</subfield>
      <subfield code="d">1956-</subfield>
      <subfield code="2">fast</subfield>
      <subfield code="0">http://id.worldcat.org/fast/1428564</subfield>
    </datafield>
    <datafield tag="600" ind1=" " ind2="7">
      <subfield code="a">Butler, Judith,</subfield>
      <subfield code="d">1956-</subfield>
      <subfield code="2">fast</subfield>
      <subfield code="0">http://id.worldcat.org/fast/1428564</subfield>
    </datafield>
    <datafield tag="600" ind1=" " ind2="7">
      <subfield code="a">Deleuze, Gilles,</subfield>
      <subfield code="d">1925-1995.</subfield>
      <subfield code="2">fast</subfield>
      <subfield code="0">http://id.worldcat.org/fast/1427364</subfield>
    </datafield>
    <datafield tag="600" ind1=" " ind2="7">
      <subfield code="a">Whitehead, Alfred North,</subfield>
      <subfield code="d">1861-1947.</subfield>
      <subfield code="2">fast</subfield>
      <subfield code="0">http://id.worldcat.org/fast/36159</subfield>
    </datafield>
    <datafield tag="700" ind1="1" ind2=" ">
      <subfield code="a">Faber, Roland,</subfield>
      <subfield code="d">1960-</subfield>
      <subfield code="0">http://id.loc.gov/authorities/names/n96040227</subfield>
    </datafield>
    <datafield tag="700" ind1="1" ind2=" ">
      <subfield code="a">Stephenson, Andrea M.</subfield>
      <subfield code="0">http://id.loc.gov/authorities/names/n2010040468</subfield>
    </datafield>
    <datafield tag="902" ind1=" " ind2=" ">
      <subfield code="a">160509</subfield>
    </datafield>
    <datafield tag="902" ind1=" " ind2=" ">
      <subfield code="a">MARCIVE-BF 20190703</subfield>
    </datafield>
    <datafield tag="904" ind1=" " ind2=" ">
      <subfield code="a">MARCIVE 20200629</subfield>
    </datafield>
    <datafield tag="907" ind1=" " ind2=" ">
      <subfield code="a">.b48750347</subfield>
      <subfield code="b">p    </subfield>
      <subfield code="c">-</subfield>
    </datafield>
    <datafield tag="945" ind1=" " ind2=" ">
      <subfield code="l">pstk </subfield>
      <subfield code="g">1</subfield>
    </datafield>
    <datafield tag="979" ind1=" " ind2=" ">
      <subfield code="a">ocn645789992</subfield>
    </datafield>
    <datafield tag="998" ind1=" " ind2=" ">
      <subfield code="b">1</subfield>
      <subfield code="c">110907</subfield>
      <subfield code="d">m</subfield>
      <subfield code="e">a</subfield>
      <subfield code="f">-</subfield>
      <subfield code="g">0</subfield>
    </datafield>
    <datafield tag="ADM" ind1=" " ind2=" ">
      <subfield code="b">2020-07-24 13:04:43</subfield>
      <subfield code="e">b48750347-01tuli_inst</subfield>
      <subfield code="d">MARCIVE</subfield>
      <subfield code="f">20190607222040.0</subfield>
      <subfield code="a">2017-06-20 07:37:02</subfield>
      <subfield code="c">false</subfield>
    </datafield>
    <datafield tag="HLD" ind1="0" ind2=" ">
      <subfield code="b">ASRS</subfield>
      <subfield code="c">ASRS</subfield>
      <subfield code="h"> B1674.W354 </subfield>
      <subfield code="i"> I57 2011b </subfield>
      <subfield code="8">22466873620003811</subfield>
      <subfield code="updated">2019-05-10 20:57:51</subfield>
      <subfield code="created">2019-05-10 20:57:48</subfield>
    </datafield>
    <datafield tag="ITM" ind1=" " ind2=" ">
      <subfield code="r">22466873620003811</subfield>
      <subfield code="b">0</subfield>
      <subfield code="h">0</subfield>
      <subfield code="g">ASRS</subfield>
      <subfield code="t">BOOK</subfield>
      <subfield code="9">39074026323915</subfield>
      <subfield code="e">ASRS</subfield>
      <subfield code="8">23269540000003811</subfield>
      <subfield code="a">0</subfield>
      <subfield code="i">B1674.W354 I57 2011b</subfield>
      <subfield code="updated">2019-12-19 20:01:17</subfield>
      <subfield code="u">LOAN</subfield>
      <subfield code="q">2017-06-20 07:37:02</subfield>
      <subfield code="d">ASRS</subfield>
      <subfield code="f">ASRS</subfield>
    </datafield>
  </record>