
  <record>
    <leader>01496nam  2200361 a 4500</leader>
    <controlfield tag="001">991036742721003811</controlfield>
    <controlfield tag="005">20170810193430.0</controlfield>
    <controlfield tag="006">m     o  d |      </controlfield>
    <controlfield tag="007">cr -n---------</controlfield>
    <controlfield tag="008">100622s2011    nyu     ob    100 0deng d</controlfield>
    <datafield tag="010" ind1=" " ind2=" ">
      <subfield code="z">  2010026350</subfield>
    </datafield>
    <datafield tag="020" ind1=" " ind2=" ">
      <subfield code="a">0-8232-7505-1</subfield>
    </datafield>
    <datafield tag="020" ind1=" " ind2=" ">
      <subfield code="a">0-8232-3210-7</subfield>
    </datafield>
    <datafield tag="035" ind1=" " ind2=" ">
      <subfield code="a">(CKB)2550000000032042</subfield>
    </datafield>
    <datafield tag="035" ind1=" " ind2=" ">
      <subfield code="a">(EBL)3239559</subfield>
    </datafield>
    <datafield tag="035" ind1=" " ind2=" ">
      <subfield code="a">(OCoLC)923763537</subfield>
    </datafield>
    <datafield tag="035" ind1=" " ind2=" ">
      <subfield code="a">(SSID)ssj0000541125</subfield>
    </datafield>
    <datafield tag="035" ind1=" " ind2=" ">
      <subfield code="a">(PQKBManifestationID)12252562</subfield>
    </datafield>
    <datafield tag="035" ind1=" " ind2=" ">
      <subfield code="a">(PQKBTitleCode)TC0000541125</subfield>
    </datafield>
    <datafield tag="035" ind1=" " ind2=" ">
      <subfield code="a">(PQKBWorkID)10492953</subfield>
    </datafield>
    <datafield tag="035" ind1=" " ind2=" ">
      <subfield code="a">(PQKB)11662320</subfield>
    </datafield>
    <datafield tag="035" ind1=" " ind2=" ">
      <subfield code="a">(MiAaPQ)EBC3239559</subfield>
    </datafield>
    <datafield tag="035" ind1=" " ind2=" ">
      <subfield code="a">(EXLCZ)992550000000032042</subfield>
    </datafield>
    <datafield tag="040" ind1=" " ind2=" ">
      <subfield code="a">MiAaPQ</subfield>
      <subfield code="c">MiAaPQ</subfield>
      <subfield code="d">MiAaPQ</subfield>
    </datafield>
    <datafield tag="041" ind1=" " ind2=" ">
      <subfield code="a">eng</subfield>
    </datafield>
    <datafield tag="050" ind1=" " ind2="4">
      <subfield code="a">B1674.W354</subfield>
      <subfield code="b">I57 2006b</subfield>
    </datafield>
    <datafield tag="082" ind1="0" ind2="0">
      <subfield code="a">192</subfield>
    </datafield>
    <datafield tag="110" ind1=" " ind2=" ">
      <subfield code="a">International Whitehead Conference</subfield>
      <subfield code="e">Corporate Author</subfield>
    </datafield>
    <datafield tag="111" ind1="2" ind2=" ">
      <subfield code="a">International Whitehead Symposium</subfield>
      <subfield code="n">(6th :</subfield>
      <subfield code="d">2006 :</subfield>
      <subfield code="c">Universita&#x308;t Salzburg)</subfield>
    </datafield>
    <datafield tag="245" ind1="1" ind2="0">
      <subfield code="a">Secrets of becoming</subfield>
      <subfield code="h">[electronic resource] :</subfield>
      <subfield code="b">negotiating Whitehead, Deleuze, and Butler /</subfield>
      <subfield code="c">edited by Roland Faber and Andrea M. Stephenson.</subfield>
    </datafield>
    <datafield tag="250" ind1=" " ind2=" ">
      <subfield code="a">1st ed.</subfield>
    </datafield>
    <datafield tag="260" ind1=" " ind2=" ">
      <subfield code="a">New York :</subfield>
      <subfield code="b">Fordham University Press,</subfield>
      <subfield code="c">2011.</subfield>
    </datafield>
    <datafield tag="300" ind1=" " ind2=" ">
      <subfield code="a">1 online resource (299 p.)</subfield>
    </datafield>
    <datafield tag="336" ind1=" " ind2=" ">
      <subfield code="a">text</subfield>
      <subfield code="b">txt</subfield>
    </datafield>
    <datafield tag="337" ind1=" " ind2=" ">
      <subfield code="a">computer</subfield>
      <subfield code="b">c</subfield>
    </datafield>
    <datafield tag="338" ind1=" " ind2=" ">
      <subfield code="a">online resource</subfield>
      <subfield code="b">cr</subfield>
    </datafield>
    <datafield tag="505" ind1="0" ind2=" ">
      <subfield code="a">Contents; Abbreviations; Foreword; Negotiating Becoming; Negotiating Events and Multiplicities; Whitehead, Post-Structuralism, and Realism; Nomad Thought: Deleuze, Whitehead, and the Adventure of Thinking; Transcendental Empiricism in Deleuze and Whitehead; Can We Be Wolves? Intersections between Deleuze's Difference and Repetition and Butler's Performativity; Negotiating Bodies and Societies; Butler and Whitehead on the (Social) Body; Conflict; Becoming through Multiplicity: Staying in the Middle of Whitehead's and Deleuze-Guattari's Philosophies of Life; Negotiating Immanence and Divinity</subfield>
    </datafield>
    <datafield tag="505" ind1="8" ind2=" ">
      <subfield code="a">Surrationality and Chaosmos: For a More Deleuzian Whitehead (with a Butlerian Intervention)Divine Possibilities: Becoming an Order without Law; ''God Is a Lobster'': Whitehead's Receptacle Meets the Deleuzian Sieve; Uninteresting Truth? Tedium and Event in Postmodernity; Notes; Bibliography; Contributors</subfield>
    </datafield>
    <datafield tag="520" ind1=" " ind2=" ">
      <subfield code="a">Secrets of Becoming brings into conversation modes of thought traditionally held apart: WhiteheadGs philosophy of the event, DeleuzeGs philosophy of multiplicity, and Judith ButlerGs philosophy of gender difference. Why should one try to connect these strains of thinking? What might make the work of these thinkers negotiable with one another? This volume finds that bridge in an emphasis on GbecomingG that secretly defines the philosophies of Whitehead, Deleuze, and Butler. Its three sections investigate their surprising confluence in a Gphilosophy of becomingG in relation to the question of th</subfield>
    </datafield>
    <datafield tag="546" ind1=" " ind2=" ">
      <subfield code="a">English</subfield>
    </datafield>
    <datafield tag="500" ind1=" " ind2=" ">
      <subfield code="a">The essays from the conference have been substantially rev. and new material has been added.</subfield>
    </datafield>
    <datafield tag="504" ind1=" " ind2=" ">
      <subfield code="a">Includes bibliographical references.</subfield>
    </datafield>
    <datafield tag="600" ind1="1" ind2="0">
      <subfield code="a">Whitehead, Alfred North,</subfield>
      <subfield code="d">1861-1947</subfield>
      <subfield code="v">Congresses.</subfield>
    </datafield>
    <datafield tag="600" ind1="1" ind2="0">
      <subfield code="a">Deleuze, Gilles,</subfield>
      <subfield code="d">1925-1995</subfield>
      <subfield code="v">Congresses.</subfield>
    </datafield>
    <datafield tag="600" ind1="1" ind2="0">
      <subfield code="a">Butler, Judith,</subfield>
      <subfield code="d">1956-</subfield>
      <subfield code="v">Congresses.</subfield>
    </datafield>
    <datafield tag="650" ind1=" " ind2="0">
      <subfield code="a">Becoming (Philosophy)</subfield>
      <subfield code="v">Congresses.</subfield>
    </datafield>
    <datafield tag="655" ind1=" " ind2="4">
      <subfield code="a">Electronic books.</subfield>
    </datafield>
    <datafield tag="711" ind1=" " ind2=" ">
      <subfield code="a">International Whitehead Conference</subfield>
    </datafield>
    <datafield tag="700" ind1="1" ind2=" ">
      <subfield code="a">Faber, Roland,</subfield>
      <subfield code="d">1960-</subfield>
    </datafield>
    <datafield tag="700" ind1="1" ind2=" ">
      <subfield code="a">Stephenson, Andrea M.</subfield>
    </datafield>
    <datafield tag="776" ind1=" " ind2=" ">
      <subfield code="z">0-8232-3208-5</subfield>
    </datafield>
    <datafield tag="906" ind1=" " ind2=" ">
      <subfield code="a">BOOK</subfield>
    </datafield>
    <datafield tag="ADM" ind1=" " ind2=" ">
      <subfield code="b">2020-03-15 12:08:23</subfield>
      <subfield code="e">992550000000032042</subfield>
      <subfield code="d">NON_SFX</subfield>
      <subfield code="f">20160805045639.0</subfield>
      <subfield code="a">2012-02-26 01:55:54</subfield>
      <subfield code="c">false</subfield>
    </datafield>
    <datafield tag="PRT" ind1=" " ind2=" ">
      <subfield code="updated">2018-01-23 20:24:47</subfield>
      <subfield code="i">61408370980003811</subfield>
      <subfield code="e">JSTOR</subfield>
      <subfield code="c">JSTOR Books EBA Pilot</subfield>
      <subfield code="created">2018-01-23 20:24:05</subfield>
      <subfield code="j">62408370970003811</subfield>
      <subfield code="a">53408479080003811</subfield>
      <subfield code="b">https://sandbox01-na.alma.exlibrisgroup.com/view/uresolver/01TULI_INST/openurl?u.ignore_date_coverage=true&amp;rft.mms_id=991036742721003811</subfield>
      <subfield code="9">Available</subfield>
      <subfield code="h">613810000000000259</subfield>
      <subfield code="8">53408479080003811</subfield>
    </datafield>
    <datafield tag="PRT" ind1=" " ind2=" ">
      <subfield code="updated">2018-04-18 23:52:31</subfield>
      <subfield code="i">61419889170003811</subfield>
      <subfield code="e">Ebook Central</subfield>
      <subfield code="c">Ebook Central Academic Complete</subfield>
      <subfield code="created">2018-04-18 23:51:54</subfield>
      <subfield code="j">62419889160003811</subfield>
      <subfield code="a">53421231910003811</subfield>
      <subfield code="b">https://sandbox01-na.alma.exlibrisgroup.com/view/uresolver/01TULI_INST/openurl?u.ignore_date_coverage=true&amp;rft.mms_id=991036742721003811</subfield>
      <subfield code="9">Available</subfield>
      <subfield code="h">614200000000000002</subfield>
      <subfield code="8">53421231910003811</subfield>
    </datafield>
  </record>