
  <record>
    <leader>03898cgm a2200721Ii 4500</leader>
    <controlfield tag="005">20190715135234.0</controlfield>
    <controlfield tag="007">vd cvaizq</controlfield>
    <controlfield tag="008">160112p20162015nyu082            vleng d</controlfield>
    <controlfield tag="001">991021599009703811</controlfield>
    <datafield tag="024" ind1="1" ind2=" ">
      <subfield code="a">829567119921</subfield>
    </datafield>
    <datafield tag="028" ind1="4" ind2="2">
      <subfield code="a">671199</subfield>
      <subfield code="b">Virgil Films</subfield>
    </datafield>
    <datafield tag="035" ind1=" " ind2=" ">
      <subfield code="a">(PPT)b61154969-01tuli_inst</subfield>
    </datafield>
    <datafield tag="035" ind1=" " ind2=" ">
      <subfield code="a">(OCoLC)934533869</subfield>
    </datafield>
    <datafield tag="035" ind1=" " ind2=" ">
      <subfield code="a">ocn934533869</subfield>
    </datafield>
    <datafield tag="035" ind1=" " ind2=" ">
      <subfield code="a">(OCLC)ocn934533869</subfield>
    </datafield>
    <datafield tag="037" ind1=" " ind2=" ">
      <subfield code="b">Midwest Tape</subfield>
      <subfield code="n">http://www.midwesttapes.com</subfield>
    </datafield>
    <datafield tag="040" ind1=" " ind2=" ">
      <subfield code="a">TEFMT</subfield>
      <subfield code="b">eng</subfield>
      <subfield code="e">rda</subfield>
      <subfield code="c">TEFMT</subfield>
      <subfield code="d">TEF</subfield>
      <subfield code="d">MNM</subfield>
      <subfield code="d">BTCTA</subfield>
      <subfield code="d">IHY</subfield>
    </datafield>
    <datafield tag="079" ind1=" " ind2=" ">
      <subfield code="a">ocn934533869</subfield>
    </datafield>
    <datafield tag="090" ind1=" " ind2=" ">
      <subfield code="a">PN1995.9.P7</subfield>
      <subfield code="b">B43 2016</subfield>
    </datafield>
    <datafield tag="245" ind1="0" ind2="0">
      <subfield code="a">Becoming bulletproof /</subfield>
      <subfield code="c">Morgan Spurlock presents ; produced by Theodore James ; directed by Michael Barnett.</subfield>
    </datafield>
    <datafield tag="257" ind1=" " ind2=" ">
      <subfield code="a">United States</subfield>
    </datafield>
    <datafield tag="264" ind1=" " ind2="1">
      <subfield code="a">New York, NY :</subfield>
      <subfield code="b">Virgil Films,</subfield>
      <subfield code="c">[2016]</subfield>
    </datafield>
    <datafield tag="264" ind1=" " ind2="4">
      <subfield code="c">&#xA9;2016</subfield>
    </datafield>
    <datafield tag="300" ind1=" " ind2=" ">
      <subfield code="a">1 videodisc (82 min.) :</subfield>
      <subfield code="b">sound, color ;</subfield>
      <subfield code="c">4 3/4 in.</subfield>
    </datafield>
    <datafield tag="336" ind1=" " ind2=" ">
      <subfield code="a">two-dimensional moving image</subfield>
      <subfield code="b">tdi</subfield>
      <subfield code="2">rdacontent</subfield>
    </datafield>
    <datafield tag="337" ind1=" " ind2=" ">
      <subfield code="a">video</subfield>
      <subfield code="b">v</subfield>
      <subfield code="2">rdamedia</subfield>
    </datafield>
    <datafield tag="338" ind1=" " ind2=" ">
      <subfield code="a">videodisc</subfield>
      <subfield code="b">vd</subfield>
      <subfield code="2">rdacarrier</subfield>
    </datafield>
    <datafield tag="340" ind1=" " ind2=" ">
      <subfield code="g">polychrome</subfield>
      <subfield code="2">rdacc</subfield>
      <subfield code="0">http://rdaregistry.info/termList/RDAColourContent/1003</subfield>
    </datafield>
    <datafield tag="344" ind1=" " ind2=" ">
      <subfield code="a">digital</subfield>
      <subfield code="b">optical</subfield>
      <subfield code="2">rda</subfield>
    </datafield>
    <datafield tag="345" ind1=" " ind2=" ">
      <subfield code="a">widescreen</subfield>
    </datafield>
    <datafield tag="347" ind1=" " ind2=" ">
      <subfield code="a">video file</subfield>
      <subfield code="b">DVD video</subfield>
      <subfield code="2">rda</subfield>
    </datafield>
    <datafield tag="380" ind1=" " ind2=" ">
      <subfield code="a">Documentary films.</subfield>
    </datafield>
    <datafield tag="538" ind1=" " ind2=" ">
      <subfield code="a">DVD, region 1, widescreen (1.78:1) presentation; Dolby digital 5.1.</subfield>
    </datafield>
    <datafield tag="500" ind1=" " ind2=" ">
      <subfield code="a">Title from disc label.</subfield>
    </datafield>
    <datafield tag="500" ind1=" " ind2=" ">
      <subfield code="a">Originally released as a motion picture in 2015.</subfield>
    </datafield>
    <datafield tag="521" ind1="8" ind2=" ">
      <subfield code="a">Rating: Not rated.</subfield>
    </datafield>
    <datafield tag="520" ind1=" " ind2=" ">
      <subfield code="a">Documents the making of an original Western film called Bulletproof. Bulletproof features actors with and without disabilities who meet every year at Zeno Mountain Farm (ZMF) to write, produce, and star in original short films. Founded by two brothers and their wives, Zeno Mountain Farm's philosophy is to create a truly inclusive community that builds genuine friendships that transcend stigma and stereotypes.</subfield>
    </datafield>
    <datafield tag="546" ind1=" " ind2=" ">
      <subfield code="a">English dialogue; closed captioned; optional audio description.</subfield>
    </datafield>
    <datafield tag="650" ind1=" " ind2="0">
      <subfield code="a">Actors with disabilities.</subfield>
      <subfield code="0">http://id.loc.gov/authorities/subjects/sh88004708</subfield>
    </datafield>
    <datafield tag="650" ind1=" " ind2="7">
      <subfield code="a">Actors with disabilities.</subfield>
      <subfield code="2">fast</subfield>
      <subfield code="0">http://id.worldcat.org/fast/796325</subfield>
    </datafield>
    <datafield tag="650" ind1=" " ind2="0">
      <subfield code="a">Motion pictures</subfield>
      <subfield code="x">Production and direction.</subfield>
      <subfield code="0">http://id.loc.gov/authorities/subjects/sh85088104</subfield>
    </datafield>
    <datafield tag="650" ind1=" " ind2="7">
      <subfield code="a">Motion pictures</subfield>
      <subfield code="x">Production and direction.</subfield>
      <subfield code="2">fast</subfield>
      <subfield code="0">http://id.worldcat.org/fast/1027357</subfield>
    </datafield>
    <datafield tag="655" ind1=" " ind2="7">
      <subfield code="a">Nonfiction films.</subfield>
      <subfield code="2">lcgft</subfield>
      <subfield code="0">http://id.loc.gov/authorities/genreForms/gf2011026423</subfield>
    </datafield>
    <datafield tag="655" ind1=" " ind2="7">
      <subfield code="a">Nonfiction films.</subfield>
      <subfield code="2">fast</subfield>
      <subfield code="0">http://id.worldcat.org/fast/1710269</subfield>
    </datafield>
    <datafield tag="655" ind1=" " ind2="7">
      <subfield code="a">Feature films.</subfield>
      <subfield code="2">lcgft</subfield>
      <subfield code="0">http://id.loc.gov/authorities/genreForms/gf2011026247</subfield>
    </datafield>
    <datafield tag="655" ind1=" " ind2="7">
      <subfield code="a">Feature films.</subfield>
      <subfield code="2">fast</subfield>
      <subfield code="0">http://id.worldcat.org/fast/1710384</subfield>
    </datafield>
    <datafield tag="655" ind1=" " ind2="7">
      <subfield code="a">Documentary films.</subfield>
      <subfield code="2">lcgft</subfield>
      <subfield code="0">http://id.loc.gov/authorities/genreForms/gf2011026205</subfield>
    </datafield>
    <datafield tag="655" ind1=" " ind2="7">
      <subfield code="a">Documentary films.</subfield>
      <subfield code="2">fast</subfield>
      <subfield code="0">http://id.worldcat.org/fast/1710390</subfield>
    </datafield>
    <datafield tag="655" ind1=" " ind2="7">
      <subfield code="a">Video recordings for the hearing impaired.</subfield>
      <subfield code="2">lcgft</subfield>
      <subfield code="0">http://id.loc.gov/authorities/genreForms/gf2011026725</subfield>
    </datafield>
    <datafield tag="655" ind1=" " ind2="7">
      <subfield code="a">Video recordings for the hearing impaired.</subfield>
      <subfield code="2">fast</subfield>
      <subfield code="0">http://id.worldcat.org/fast/1710450</subfield>
    </datafield>
    <datafield tag="655" ind1=" " ind2="7">
      <subfield code="a">Video recordings for people with visual disabilities.</subfield>
      <subfield code="2">lcgft</subfield>
      <subfield code="0">http://id.loc.gov/authorities/genreForms/gf2011026724</subfield>
    </datafield>
    <datafield tag="655" ind1=" " ind2="7">
      <subfield code="a">Video recordings for people with visual disabilities.</subfield>
      <subfield code="2">fast</subfield>
      <subfield code="0">http://id.worldcat.org/fast/1710451</subfield>
    </datafield>
    <datafield tag="700" ind1="1" ind2=" ">
      <subfield code="a">Barnett, Michael</subfield>
      <subfield code="c">(Film director)</subfield>
      <subfield code="e">film director.</subfield>
      <subfield code="0">http://id.loc.gov/authorities/names/no2016108352</subfield>
    </datafield>
    <datafield tag="700" ind1="1" ind2=" ">
      <subfield code="a">Spurlock, Morgan,</subfield>
      <subfield code="d">1970-</subfield>
      <subfield code="0">http://id.loc.gov/authorities/names/no2004105275</subfield>
      <subfield code="e">presenter.</subfield>
    </datafield>
    <datafield tag="710" ind1="2" ind2=" ">
      <subfield code="a">Virgil Films,</subfield>
      <subfield code="0">http://id.loc.gov/authorities/names/no2009088652</subfield>
      <subfield code="e">publisher.</subfield>
    </datafield>
    <datafield tag="902" ind1=" " ind2=" ">
      <subfield code="a">161106</subfield>
    </datafield>
    <datafield tag="902" ind1=" " ind2=" ">
      <subfield code="a">MARCIVE-BF 20190703</subfield>
    </datafield>
    <datafield tag="904" ind1=" " ind2=" ">
      <subfield code="a">MARCIVE 20190703</subfield>
    </datafield>
    <datafield tag="907" ind1=" " ind2=" ">
      <subfield code="a">.b61154969</subfield>
      <subfield code="b">pmed </subfield>
      <subfield code="c">g</subfield>
    </datafield>
    <datafield tag="945" ind1=" " ind2=" ">
      <subfield code="l">pmed </subfield>
      <subfield code="g">1</subfield>
    </datafield>
    <datafield tag="979" ind1=" " ind2=" ">
      <subfield code="a">ocn934533869</subfield>
    </datafield>
    <datafield tag="998" ind1=" " ind2=" ">
      <subfield code="b">0</subfield>
      <subfield code="c">160412</subfield>
      <subfield code="d">m</subfield>
      <subfield code="e">g</subfield>
      <subfield code="f">g</subfield>
      <subfield code="g">0</subfield>
    </datafield>
    <datafield tag="998" ind1=" " ind2=" ">
      <subfield code="a">04/12/16</subfield>
      <subfield code="s">OCLC</subfield>
      <subfield code="c">cep </subfield>
    </datafield>
    <datafield tag="ADM" ind1=" " ind2=" ">
      <subfield code="b">2019-07-15 17:52:35</subfield>
      <subfield code="e">b61154969-01tuli_inst</subfield>
      <subfield code="d">MARCIVE</subfield>
      <subfield code="f">20190607172800.0</subfield>
      <subfield code="a">2017-06-20 13:18:41</subfield>
      <subfield code="c">false</subfield>
    </datafield>
    <datafield tag="HLD" ind1="0" ind2=" ">
      <subfield code="b">ASRS</subfield>
      <subfield code="c">media</subfield>
      <subfield code="h"> PN1995.9.P7 </subfield>
      <subfield code="i"> B43 2016 </subfield>
      <subfield code="8">22467295230003811</subfield>
      <subfield code="updated">2019-05-14 19:56:38</subfield>
      <subfield code="created">2019-05-14 19:56:35</subfield>
    </datafield>
    <datafield tag="ITM" ind1=" " ind2=" ">
      <subfield code="r">22467295230003811</subfield>
      <subfield code="b">1</subfield>
      <subfield code="h">0</subfield>
      <subfield code="g">media</subfield>
      <subfield code="t">DVD</subfield>
      <subfield code="9">39074026877605</subfield>
      <subfield code="e">media</subfield>
      <subfield code="8">23324093280003811</subfield>
      <subfield code="a">5</subfield>
      <subfield code="i">PN1995.9.P7 B43 2016</subfield>
      <subfield code="updated">2019-05-14 19:57:11</subfield>
      <subfield code="q">2017-06-20 13:18:41</subfield>
      <subfield code="d">ASRS</subfield>
      <subfield code="f">ASRS</subfield>
    </datafield>
  </record>