
  <record>
    <leader>04907cam a2200661Ii 4500</leader>
    <controlfield tag="005">20190930174625.0</controlfield>
    <controlfield tag="008">180402t20182018gw ac    bc   000 0 eng d</controlfield>
    <controlfield tag="001">991036954109203811</controlfield>
    <datafield tag="019" ind1=" " ind2=" ">
      <subfield code="a">1029880963</subfield>
      <subfield code="a">1030036871</subfield>
    </datafield>
    <datafield tag="020" ind1=" " ind2=" ">
      <subfield code="a">9783775744669</subfield>
      <subfield code="q">(paperback)</subfield>
    </datafield>
    <datafield tag="020" ind1=" " ind2=" ">
      <subfield code="a">3775744665</subfield>
      <subfield code="q">(paperback)</subfield>
    </datafield>
    <datafield tag="035" ind1=" " ind2=" ">
      <subfield code="a">(OCoLC)1029865129</subfield>
    </datafield>
    <datafield tag="040" ind1=" " ind2=" ">
      <subfield code="a">YDX</subfield>
      <subfield code="b">eng</subfield>
      <subfield code="e">rda</subfield>
      <subfield code="c">YDX</subfield>
      <subfield code="d">YDX</subfield>
      <subfield code="d">NOC</subfield>
      <subfield code="d">JPG</subfield>
      <subfield code="d">GUA</subfield>
      <subfield code="d">OCLCF</subfield>
      <subfield code="d">UBY</subfield>
      <subfield code="d">BRL</subfield>
    </datafield>
    <datafield tag="050" ind1=" " ind2="4">
      <subfield code="a">N7625.5</subfield>
      <subfield code="b">.B43 2018</subfield>
    </datafield>
    <datafield tag="082" ind1="0" ind2="4">
      <subfield code="a">704.9/46</subfield>
      <subfield code="2">23</subfield>
    </datafield>
    <datafield tag="245" ind1="0" ind2="0">
      <subfield code="a">Becoming animal /</subfield>
      <subfield code="c">editors, Claus Carstensen, Jens Tang Kristensen, Thea Rydal J&#xF8;rgensen.</subfield>
    </datafield>
    <datafield tag="264" ind1=" " ind2="1">
      <subfield code="a">Berlin, Germany :</subfield>
      <subfield code="b">Hatje Cantz Verlag GmbH,</subfield>
      <subfield code="c">[2018]</subfield>
    </datafield>
    <datafield tag="264" ind1=" " ind2="4">
      <subfield code="c">&#xA9;2018</subfield>
    </datafield>
    <datafield tag="300" ind1=" " ind2=" ">
      <subfield code="a">287 pages :</subfield>
      <subfield code="b">illustrations (chiefly color), portraits ;</subfield>
      <subfield code="c">28 cm</subfield>
    </datafield>
    <datafield tag="336" ind1=" " ind2=" ">
      <subfield code="a">text</subfield>
      <subfield code="b">txt</subfield>
      <subfield code="2">rdacontent</subfield>
    </datafield>
    <datafield tag="336" ind1=" " ind2=" ">
      <subfield code="a">still image</subfield>
      <subfield code="b">sti</subfield>
      <subfield code="2">rdacontent</subfield>
    </datafield>
    <datafield tag="337" ind1=" " ind2=" ">
      <subfield code="a">unmediated</subfield>
      <subfield code="b">n</subfield>
      <subfield code="2">rdamedia</subfield>
    </datafield>
    <datafield tag="338" ind1=" " ind2=" ">
      <subfield code="a">volume</subfield>
      <subfield code="b">nc</subfield>
      <subfield code="2">rdacarrier</subfield>
    </datafield>
    <datafield tag="500" ind1=" " ind2=" ">
      <subfield code="a">"This publication is published in connection with the exhibition Becoming Animal--curated by Claus Carstensen at Den Frie Centre of Contemporary Art, Copenhagen, and the Museum of Religious Art, Lemvig"--Colophon.</subfield>
    </datafield>
    <datafield tag="500" ind1=" " ind2=" ">
      <subfield code="a">"The publication is a manifestation of Carstensen's long-term research into attempts to explain human existence in art history. ... The publication is research based, with eight peer-reviewed articles by leading scholars in the field"--Foreword.</subfield>
    </datafield>
    <datafield tag="504" ind1=" " ind2=" ">
      <subfield code="a">Includes bibliographical references.</subfield>
    </datafield>
    <datafield tag="505" ind1="0" ind2="0">
      <subfield code="t">Census [Body Count] /</subfield>
      <subfield code="r">Claus Cartensen --</subfield>
      <subfield code="t">Becoming Animal Through Curatorial Contagion /</subfield>
      <subfield code="r">Anne Gregersen --</subfield>
      <subfield code="t">Rehabilitation of Storm P as a Panther /</subfield>
      <subfield code="r">Claus Cartensen --</subfield>
      <subfield code="t">Human Nature and Animal Nature /</subfield>
      <subfield code="r">Raymond Tallis --</subfield>
      <subfield code="t">Issues with Atheism /</subfield>
      <subfield code="r">Frederik Stjernfelt --</subfield>
      <subfield code="t">Animality: the Art of Mobile Borders and Inversions /</subfield>
      <subfield code="r">Ron Broglio --</subfield>
      <subfield code="t">Animalised Avant-Garde /</subfield>
      <subfield code="r">Jens Tang Kristensen --</subfield>
      <subfield code="t">Becoming and the Animal: Two Approaches /</subfield>
      <subfield code="r">Sven-Olov Wallenstein --</subfield>
      <subfield code="t">Art of Becoming Animal and the Non-Transcendence of Artistry /</subfield>
      <subfield code="r">Donald Preziosi --</subfield>
      <subfield code="t">P.P.P.: a Montage of Citations and Texts on the Death of Pier Paolo Pasolini /</subfield>
      <subfield code="r">Claus Cartensen.</subfield>
    </datafield>
    <datafield tag="650" ind1=" " ind2="0">
      <subfield code="a">Human beings in art</subfield>
      <subfield code="v">Exhibitions.</subfield>
      <subfield code="0">http://id.loc.gov/authorities/subjects/sh2008105855</subfield>
    </datafield>
    <datafield tag="650" ind1=" " ind2="0">
      <subfield code="a">Animals in art</subfield>
      <subfield code="v">Exhibitions.</subfield>
      <subfield code="0">http://id.loc.gov/authorities/subjects/sh2007101134</subfield>
    </datafield>
    <datafield tag="650" ind1=" " ind2="0">
      <subfield code="a">Human-animal relationships in art</subfield>
      <subfield code="0">http://id.loc.gov/authorities/subjects/sh2009000129</subfield>
      <subfield code="v">Exhibitions.</subfield>
      <subfield code="0">http://id.loc.gov/authorities/subjects/sh99001275</subfield>
    </datafield>
    <datafield tag="650" ind1=" " ind2="7">
      <subfield code="a">Human-animal relationships in art.</subfield>
      <subfield code="2">fast</subfield>
      <subfield code="0">http://id.worldcat.org/fast/1903521</subfield>
    </datafield>
    <datafield tag="650" ind1=" " ind2="0">
      <subfield code="a">Anthropomorphism in art</subfield>
      <subfield code="0">http://id.loc.gov/authorities/subjects/sh2004000364</subfield>
      <subfield code="v">Exhibitions.</subfield>
      <subfield code="0">http://id.loc.gov/authorities/subjects/sh99001275</subfield>
    </datafield>
    <datafield tag="650" ind1=" " ind2="7">
      <subfield code="a">Anthropomorphism in art.</subfield>
      <subfield code="2">fast</subfield>
      <subfield code="0">http://id.worldcat.org/fast/810264</subfield>
    </datafield>
    <datafield tag="650" ind1=" " ind2="0">
      <subfield code="a">Art, Modern</subfield>
      <subfield code="y">20th century</subfield>
      <subfield code="x">Themes, motives</subfield>
      <subfield code="v">Exhibitions.</subfield>
      <subfield code="0">http://id.loc.gov/authorities/subjects/sh2007101464</subfield>
    </datafield>
    <datafield tag="650" ind1=" " ind2="0">
      <subfield code="a">Art, Modern</subfield>
      <subfield code="y">21st century</subfield>
      <subfield code="x">Themes, motives</subfield>
      <subfield code="v">Exhibitions.</subfield>
      <subfield code="0">http://id.loc.gov/authorities/subjects/sh2009115684</subfield>
    </datafield>
    <datafield tag="650" ind1=" " ind2="7">
      <subfield code="a">Animals in art.</subfield>
      <subfield code="2">fast</subfield>
      <subfield code="0">http://id.worldcat.org/fast/809573</subfield>
    </datafield>
    <datafield tag="650" ind1=" " ind2="7">
      <subfield code="a">Art, Modern</subfield>
      <subfield code="x">Themes, motives.</subfield>
      <subfield code="2">fast</subfield>
      <subfield code="0">http://id.worldcat.org/fast/816663</subfield>
    </datafield>
    <datafield tag="650" ind1=" " ind2="7">
      <subfield code="a">Human beings in art.</subfield>
      <subfield code="2">fast</subfield>
      <subfield code="0">http://id.worldcat.org/fast/962862</subfield>
    </datafield>
    <datafield tag="650" ind1="1" ind2="7">
      <subfield code="a">Art, Modern.</subfield>
      <subfield code="2">fast</subfield>
      <subfield code="0">http://id.worldcat.org/fast/816615</subfield>
    </datafield>
    <datafield tag="650" ind1="2" ind2="7">
      <subfield code="a">Themes, motives.</subfield>
      <subfield code="2">fast</subfield>
      <subfield code="0">http://id.worldcat.org/fast/1355139</subfield>
    </datafield>
    <datafield tag="655" ind1=" " ind2="7">
      <subfield code="a">Exhibition catalogs.</subfield>
      <subfield code="2">fast</subfield>
      <subfield code="0">http://id.worldcat.org/fast/1424028</subfield>
    </datafield>
    <datafield tag="655" ind1=" " ind2="7">
      <subfield code="a">Exhibition catalogs.</subfield>
      <subfield code="2">lcgft</subfield>
      <subfield code="0">http://id.loc.gov/authorities/genreForms/gf2014026098</subfield>
    </datafield>
    <datafield tag="648" ind1=" " ind2="7">
      <subfield code="a">21st century.</subfield>
      <subfield code="2">fast</subfield>
    </datafield>
    <datafield tag="648" ind1=" " ind2="7">
      <subfield code="a">20th century.</subfield>
      <subfield code="2">fast</subfield>
    </datafield>
    <datafield tag="648" ind1=" " ind2="7">
      <subfield code="a">1900-2099</subfield>
      <subfield code="2">fast</subfield>
    </datafield>
    <datafield tag="752" ind1=" " ind2=" ">
      <subfield code="a">Germany</subfield>
      <subfield code="b">Berlin</subfield>
      <subfield code="d">Berlin.</subfield>
    </datafield>
    <datafield tag="710" ind1="2" ind2=" ">
      <subfield code="a">Frie udstilling (Copenhagen, Denmark),</subfield>
      <subfield code="0">http://id.loc.gov/authorities/names/n82045398</subfield>
      <subfield code="e">host institution.</subfield>
    </datafield>
    <datafield tag="710" ind1="2" ind2=" ">
      <subfield code="a">Museet for religi&#xF8;s kunst (Lemvig, Denmark),</subfield>
      <subfield code="0">http://id.loc.gov/authorities/names/nb2007015155</subfield>
      <subfield code="e">host institution.</subfield>
    </datafield>
    <datafield tag="710" ind1="2" ind2=" ">
      <subfield code="a">Hatje Cantz Verlag,</subfield>
      <subfield code="0">http://id.loc.gov/authorities/names/no2010162284</subfield>
      <subfield code="e">publisher.</subfield>
    </datafield>
    <datafield tag="700" ind1="1" ind2=" ">
      <subfield code="a">Carstensen, Claus,</subfield>
      <subfield code="d">1957-</subfield>
      <subfield code="0">http://id.loc.gov/authorities/names/n85298346</subfield>
      <subfield code="e">editor,</subfield>
      <subfield code="e">author.</subfield>
    </datafield>
    <datafield tag="700" ind1="1" ind2=" ">
      <subfield code="a">Kristensen, Jens Tang,</subfield>
      <subfield code="0">http://id.loc.gov/authorities/names/n2017006428</subfield>
      <subfield code="e">editor,</subfield>
      <subfield code="e">author.</subfield>
    </datafield>
    <datafield tag="700" ind1="1" ind2=" ">
      <subfield code="a">J&#xF8;rgensen, Thea Rydal,</subfield>
      <subfield code="0">http://id.loc.gov/authorities/names/no2018128975</subfield>
      <subfield code="e">editor.</subfield>
    </datafield>
    <datafield tag="700" ind1="1" ind2=" ">
      <subfield code="a">Gregersen, Anne,</subfield>
      <subfield code="0">http://id.loc.gov/authorities/names/no2013143189</subfield>
      <subfield code="e">author.</subfield>
    </datafield>
    <datafield tag="700" ind1="1" ind2=" ">
      <subfield code="a">Tallis, Raymond,</subfield>
      <subfield code="0">http://id.loc.gov/authorities/names/n87842816</subfield>
      <subfield code="e">author.</subfield>
    </datafield>
    <datafield tag="700" ind1="1" ind2=" ">
      <subfield code="a">Stjernfelt, Frederik,</subfield>
      <subfield code="0">http://id.loc.gov/authorities/names/n85189564</subfield>
      <subfield code="e">author.</subfield>
    </datafield>
    <datafield tag="700" ind1="1" ind2=" ">
      <subfield code="a">Broglio, Ron,</subfield>
      <subfield code="d">1966-</subfield>
      <subfield code="0">http://id.loc.gov/authorities/names/n2007045900</subfield>
      <subfield code="e">author.</subfield>
    </datafield>
    <datafield tag="700" ind1="1" ind2=" ">
      <subfield code="a">Wallenstein, Sven-Olov,</subfield>
      <subfield code="0">http://id.loc.gov/authorities/names/n98058827</subfield>
      <subfield code="e">author.</subfield>
    </datafield>
    <datafield tag="700" ind1="1" ind2=" ">
      <subfield code="a">Preziosi, Donald,</subfield>
      <subfield code="d">1941-</subfield>
      <subfield code="0">http://id.loc.gov/authorities/names/n78093087</subfield>
      <subfield code="e">author.</subfield>
    </datafield>
    <datafield tag="902" ind1=" " ind2=" ">
      <subfield code="a">MARCIVE-BF 20190703</subfield>
    </datafield>
    <datafield tag="904" ind1=" " ind2=" ">
      <subfield code="a">MARCIVE 20200629</subfield>
    </datafield>
    <datafield tag="979" ind1=" " ind2=" ">
      <subfield code="a">(OCoLC)1029865129</subfield>
    </datafield>
    <datafield tag="997" ind1=" " ind2=" ">
      <subfield code="a">20181112134908.0</subfield>
      <subfield code="c">YL</subfield>
      <subfield code="d">TEU</subfield>
      <subfield code="s">OCLC</subfield>
      <subfield code="e">WCAT</subfield>
    </datafield>
    <datafield tag="ADM" ind1=" " ind2=" ">
      <subfield code="b">2020-07-24 13:10:56</subfield>
      <subfield code="e">on1029865129</subfield>
      <subfield code="d">MARCIVE</subfield>
      <subfield code="f">20190607185251.0</subfield>
      <subfield code="a">2018-11-12 18:51:12</subfield>
      <subfield code="c">false</subfield>
    </datafield>
    <datafield tag="HLD" ind1="0" ind2=" ">
      <subfield code="b">MAIN</subfield>
      <subfield code="c">stacks</subfield>
      <subfield code="h">N7625.5</subfield>
      <subfield code="i">.B43 2018</subfield>
      <subfield code="8">22438739410003811</subfield>
      <subfield code="updated">2018-11-12 18:51:50</subfield>
      <subfield code="created">2018-11-12 18:51:46</subfield>
    </datafield>
    <datafield tag="ITM" ind1=" " ind2=" ">
      <subfield code="r">22438739410003811</subfield>
      <subfield code="b">1</subfield>
      <subfield code="h">0</subfield>
      <subfield code="g">stacks</subfield>
      <subfield code="t">BOOK</subfield>
      <subfield code="9">39074031691272</subfield>
      <subfield code="e">stacks</subfield>
      <subfield code="8">23438739390003811</subfield>
      <subfield code="a">0</subfield>
      <subfield code="i">N7625.5 .B43 2018</subfield>
      <subfield code="updated">2018-11-12 18:52:07</subfield>
      <subfield code="q">2018-11-12 18:52:07</subfield>
      <subfield code="d">MAIN</subfield>
      <subfield code="f">MAIN</subfield>
    </datafield>
  </record>