
  <record>
    <leader>04976cam a2200721Ii 4500</leader>
    <controlfield tag="005">20190716125224.0</controlfield>
    <controlfield tag="008">160512r20162015bcca     6b   000 1 eng  </controlfield>
    <controlfield tag="001">991036881306203811</controlfield>
    <datafield tag="019" ind1=" " ind2=" ">
      <subfield code="a">965501421</subfield>
    </datafield>
    <datafield tag="020" ind1=" " ind2=" ">
      <subfield code="a">9781551526539</subfield>
      <subfield code="q">(paperback)</subfield>
    </datafield>
    <datafield tag="020" ind1=" " ind2=" ">
      <subfield code="a">1551526530</subfield>
      <subfield code="q">(paperback)</subfield>
    </datafield>
    <datafield tag="020" ind1=" " ind2=" ">
      <subfield code="z">9781551526546</subfield>
      <subfield code="q">(html)</subfield>
    </datafield>
    <datafield tag="020" ind1=" " ind2=" ">
      <subfield code="z">9781551526553</subfield>
      <subfield code="q">(pdf)</subfield>
    </datafield>
    <datafield tag="035" ind1=" " ind2=" ">
      <subfield code="a">(OCoLC)938996653</subfield>
      <subfield code="z">(OCoLC)965501421</subfield>
    </datafield>
    <datafield tag="035" ind1=" " ind2=" ">
      <subfield code="a">(PPT)b63832203-01tuli_inst</subfield>
    </datafield>
    <datafield tag="040" ind1=" " ind2=" ">
      <subfield code="a">NLC</subfield>
      <subfield code="b">eng</subfield>
      <subfield code="e">rda</subfield>
      <subfield code="c">NLC</subfield>
      <subfield code="d">YDXCP</subfield>
      <subfield code="d">BDX</subfield>
      <subfield code="d">BTCTA</subfield>
      <subfield code="d">OCLCO</subfield>
      <subfield code="d">OCLCF</subfield>
      <subfield code="d">OCLCQ</subfield>
      <subfield code="d">OCLCO</subfield>
      <subfield code="d">ON8</subfield>
      <subfield code="d">GK8</subfield>
      <subfield code="d">CGP</subfield>
      <subfield code="d">UAB</subfield>
      <subfield code="d">OCL</subfield>
      <subfield code="d">TOH</subfield>
      <subfield code="d">TWP</subfield>
      <subfield code="d">COO</subfield>
      <subfield code="d">CDS</subfield>
      <subfield code="d">CLO</subfield>
      <subfield code="d">WAU</subfield>
      <subfield code="d">GZS</subfield>
      <subfield code="d">OCLCO</subfield>
      <subfield code="d">KSU</subfield>
      <subfield code="d">OCLCQ</subfield>
      <subfield code="d">OCLCO</subfield>
    </datafield>
    <datafield tag="050" ind1=" " ind2="4">
      <subfield code="a">PN6737.U63</subfield>
      <subfield code="b">B43 2016</subfield>
    </datafield>
    <datafield tag="079" ind1=" " ind2=" ">
      <subfield code="a">ocn938996653</subfield>
    </datafield>
    <datafield tag="082" ind1="0" ind2="4">
      <subfield code="a">741.5/941</subfield>
      <subfield code="2">23</subfield>
    </datafield>
    <datafield tag="090" ind1=" " ind2=" ">
      <subfield code="a">PN6737.U63</subfield>
      <subfield code="b">B4 2016</subfield>
    </datafield>
    <datafield tag="096" ind1=" " ind2=" ">
      <subfield code="a">PN6737.U63</subfield>
      <subfield code="b">B43 2016</subfield>
    </datafield>
    <datafield tag="100" ind1="0" ind2=" ">
      <subfield code="a">Una,</subfield>
      <subfield code="e">author,</subfield>
      <subfield code="e">artist.</subfield>
      <subfield code="0">http://id.loc.gov/authorities/names/nb2014007325</subfield>
    </datafield>
    <datafield tag="245" ind1="1" ind2="0">
      <subfield code="a">Becoming unbecoming /</subfield>
      <subfield code="c">Una.</subfield>
    </datafield>
    <datafield tag="250" ind1=" " ind2=" ">
      <subfield code="a">North American edition.</subfield>
    </datafield>
    <datafield tag="264" ind1=" " ind2="1">
      <subfield code="a">Vancouver, BC, Canada :</subfield>
      <subfield code="b">Arsenal Pulp Press,</subfield>
      <subfield code="c">[2016]</subfield>
    </datafield>
    <datafield tag="264" ind1=" " ind2="4">
      <subfield code="c">&#xA9;2016</subfield>
    </datafield>
    <datafield tag="300" ind1=" " ind2=" ">
      <subfield code="a">211 pages :</subfield>
      <subfield code="b">illustrations (some color) ;</subfield>
      <subfield code="c">23 cm</subfield>
    </datafield>
    <datafield tag="336" ind1=" " ind2=" ">
      <subfield code="a">text</subfield>
      <subfield code="b">txt</subfield>
      <subfield code="2">rdacontent</subfield>
    </datafield>
    <datafield tag="336" ind1=" " ind2=" ">
      <subfield code="a">still image</subfield>
      <subfield code="b">sti</subfield>
      <subfield code="2">rdacontent</subfield>
    </datafield>
    <datafield tag="337" ind1=" " ind2=" ">
      <subfield code="a">unmediated</subfield>
      <subfield code="b">n</subfield>
      <subfield code="2">rdamedia</subfield>
    </datafield>
    <datafield tag="338" ind1=" " ind2=" ">
      <subfield code="a">volume</subfield>
      <subfield code="b">nc</subfield>
      <subfield code="2">rdacarrier</subfield>
    </datafield>
    <datafield tag="500" ind1=" " ind2=" ">
      <subfield code="a">Originally published: Brighton, UK : Myriad Editions, 2015.</subfield>
    </datafield>
    <datafield tag="504" ind1=" " ind2=" ">
      <subfield code="a">Includes bibliographical references (pages 206-211).</subfield>
    </datafield>
    <datafield tag="530" ind1=" " ind2=" ">
      <subfield code="a">Issued also in electronic format.</subfield>
    </datafield>
    <datafield tag="520" ind1=" " ind2=" ">
      <subfield code="a">This extraordinary graphic novel is a powerful denunciation of sexual violence against women. As seen through the eyes of a twelve-year-old girl named Una, it takes place in northern England in 1977, as the Yorkshire Ripper, a serial killer of prostitutes, is on the loose and creating panic among the townspeople. As the police struggle in their clumsy attempts to find the killer, and the headlines in the local paper become more urgent, a once self-confident Una teaches herself to "lower her gaze" in order to deflect attention from boys. After she is "slut-shamed" at school for having birth control pills, Una herself is the subject of violent acts for which she comes to blame herself. But as the police finally catch up and identify the killer, Una grapples with the patterns of behavior that led her to believe she was to blame. Becoming Unbecoming combines various styles, press clippings, photo-based illustrations, and splashes of color to convey Una's sense of confusion and rage, as well as sobering statistics on sexual violence against women. The book is a no-holds-barred indictment of sexual violence against women and the shame and blame of its victims that also celebrates the empowerment of those able to gain control over their selves and their bodies.</subfield>
    </datafield>
    <datafield tag="650" ind1=" " ind2="0">
      <subfield code="a">Serial murderers</subfield>
      <subfield code="0">http://id.loc.gov/authorities/subjects/sh95000651</subfield>
      <subfield code="v">Comic books, strips, etc.</subfield>
      <subfield code="0">http://id.loc.gov/authorities/subjects/sh99001401</subfield>
    </datafield>
    <datafield tag="650" ind1=" " ind2="7">
      <subfield code="a">Serial murderers.</subfield>
      <subfield code="2">fast</subfield>
      <subfield code="0">http://id.worldcat.org/fast/1113110</subfield>
    </datafield>
    <datafield tag="650" ind1=" " ind2="0">
      <subfield code="a">Violence</subfield>
      <subfield code="0">http://id.loc.gov/authorities/subjects/sh85143514</subfield>
      <subfield code="v">Comic books, strips, etc.</subfield>
      <subfield code="0">http://id.loc.gov/authorities/subjects/sh99001401</subfield>
    </datafield>
    <datafield tag="650" ind1=" " ind2="7">
      <subfield code="a">Violence.</subfield>
      <subfield code="2">fast</subfield>
      <subfield code="0">http://id.worldcat.org/fast/1167224</subfield>
    </datafield>
    <datafield tag="650" ind1=" " ind2="0">
      <subfield code="a">Sex crimes</subfield>
      <subfield code="0">http://id.loc.gov/authorities/subjects/sh85120572</subfield>
      <subfield code="v">Comic books, strips, etc.</subfield>
      <subfield code="0">http://id.loc.gov/authorities/subjects/sh99001401</subfield>
    </datafield>
    <datafield tag="650" ind1=" " ind2="7">
      <subfield code="a">Sex crimes.</subfield>
      <subfield code="2">fast</subfield>
      <subfield code="0">http://id.worldcat.org/fast/1114275</subfield>
    </datafield>
    <datafield tag="650" ind1="1" ind2="7">
      <subfield code="a">Sex crimes.</subfield>
      <subfield code="2">fast</subfield>
      <subfield code="0">http://id.worldcat.org/fast/1114275</subfield>
    </datafield>
    <datafield tag="650" ind1="1" ind2="7">
      <subfield code="a">Violence.</subfield>
      <subfield code="2">fast</subfield>
      <subfield code="0">http://id.worldcat.org/fast/1167224</subfield>
    </datafield>
    <datafield tag="650" ind1="1" ind2="7">
      <subfield code="a">Serial murderers.</subfield>
      <subfield code="2">fast</subfield>
      <subfield code="0">http://id.worldcat.org/fast/1113110</subfield>
    </datafield>
    <datafield tag="655" ind1=" " ind2="7">
      <subfield code="a">Biographical comics.</subfield>
      <subfield code="2">fast</subfield>
      <subfield code="0">http://id.worldcat.org/fast/1921595</subfield>
    </datafield>
    <datafield tag="655" ind1=" " ind2="7">
      <subfield code="a">Comic books, strips, etc.</subfield>
      <subfield code="2">fast</subfield>
      <subfield code="0">http://id.worldcat.org/fast/1423722</subfield>
    </datafield>
    <datafield tag="655" ind1=" " ind2="7">
      <subfield code="a">Graphic novels.</subfield>
      <subfield code="2">fast</subfield>
      <subfield code="0">http://id.worldcat.org/fast/1726630</subfield>
    </datafield>
    <datafield tag="655" ind1=" " ind2="7">
      <subfield code="a">Historical comics.</subfield>
      <subfield code="2">fast</subfield>
      <subfield code="0">http://id.worldcat.org/fast/1921682</subfield>
    </datafield>
    <datafield tag="655" ind1=" " ind2="7">
      <subfield code="a">Biographical comics.</subfield>
      <subfield code="2">lcgft</subfield>
      <subfield code="0">http://id.loc.gov/authorities/genreForms/gf2014026244</subfield>
    </datafield>
    <datafield tag="655" ind1=" " ind2="7">
      <subfield code="a">Historical comics.</subfield>
      <subfield code="2">lcgft</subfield>
      <subfield code="0">http://id.loc.gov/authorities/genreForms/gf2014026368</subfield>
    </datafield>
    <datafield tag="655" ind1=" " ind2="7">
      <subfield code="a">Graphic novels.</subfield>
      <subfield code="2">lcgft</subfield>
      <subfield code="0">http://id.loc.gov/authorities/genreForms/gf2014026362</subfield>
    </datafield>
    <datafield tag="655" ind1=" " ind2="7">
      <subfield code="a">Comics (Graphic works)</subfield>
      <subfield code="2">lcgft</subfield>
      <subfield code="0">http://id.loc.gov/authorities/genreForms/gf2014026266</subfield>
    </datafield>
    <datafield tag="655" ind1=" " ind2="7">
      <subfield code="a">Comics (Graphic works)</subfield>
      <subfield code="2">fast</subfield>
      <subfield code="0">http://id.worldcat.org/fast/1921613</subfield>
    </datafield>
    <datafield tag="655" ind1=" " ind2="7">
      <subfield code="a">Fiction.</subfield>
      <subfield code="2">lcgft</subfield>
      <subfield code="0">http://id.loc.gov/authorities/genreForms/gf2014026339</subfield>
    </datafield>
    <datafield tag="655" ind1=" " ind2="7">
      <subfield code="a">Fiction.</subfield>
      <subfield code="2">fast</subfield>
      <subfield code="0">http://id.worldcat.org/fast/1423787</subfield>
    </datafield>
    <datafield tag="655" ind1="2" ind2="7">
      <subfield code="a">Comic books, strips, etc.</subfield>
      <subfield code="2">fast</subfield>
      <subfield code="0">http://id.worldcat.org/fast/1423722</subfield>
    </datafield>
    <datafield tag="600" ind1="1" ind2="0">
      <subfield code="a">Sutcliffe, Peter,</subfield>
      <subfield code="d">1946-</subfield>
      <subfield code="0">http://id.loc.gov/authorities/names/n81068484</subfield>
      <subfield code="v">Comic books, strips, etc.</subfield>
      <subfield code="0">http://id.loc.gov/authorities/subjects/sh99001401</subfield>
    </datafield>
    <datafield tag="600" ind1="1" ind2="7">
      <subfield code="a">Sutcliffe, Peter,</subfield>
      <subfield code="d">1946-</subfield>
      <subfield code="2">fast</subfield>
      <subfield code="0">http://id.worldcat.org/fast/74492</subfield>
    </datafield>
    <datafield tag="600" ind1=" " ind2="7">
      <subfield code="a">Sutcliffe, Peter,</subfield>
      <subfield code="d">1946-</subfield>
      <subfield code="2">fast</subfield>
      <subfield code="0">http://id.worldcat.org/fast/74492</subfield>
    </datafield>
    <datafield tag="776" ind1="1" ind2=" ">
      <subfield code="a">Una, author, illustrator.</subfield>
      <subfield code="t">Becoming unbecoming.</subfield>
      <subfield code="w">(CaOONL)20169034089</subfield>
    </datafield>
    <datafield tag="902" ind1=" " ind2=" ">
      <subfield code="a">MARCIVE-BF 20190703</subfield>
    </datafield>
    <datafield tag="904" ind1=" " ind2=" ">
      <subfield code="a">MARCIVE 20200629</subfield>
    </datafield>
    <datafield tag="907" ind1=" " ind2=" ">
      <subfield code="a">.b63832203</subfield>
      <subfield code="b">p</subfield>
      <subfield code="c">-</subfield>
    </datafield>
    <datafield tag="945" ind1=" " ind2=" ">
      <subfield code="l">pstk</subfield>
      <subfield code="g">1</subfield>
    </datafield>
    <datafield tag="979" ind1=" " ind2=" ">
      <subfield code="a">ocn938996653</subfield>
    </datafield>
    <datafield tag="997" ind1=" " ind2=" ">
      <subfield code="a">20180215150405.0</subfield>
      <subfield code="c">KMD</subfield>
      <subfield code="d">TMY</subfield>
      <subfield code="s">OCLC</subfield>
    </datafield>
    <datafield tag="998" ind1=" " ind2=" ">
      <subfield code="b">1</subfield>
      <subfield code="c">170117</subfield>
      <subfield code="d">m</subfield>
      <subfield code="e">a</subfield>
      <subfield code="f">-</subfield>
      <subfield code="g">0</subfield>
    </datafield>
    <datafield tag="998" ind1=" " ind2=" ">
      <subfield code="a">01/17/17</subfield>
      <subfield code="s">CIP</subfield>
      <subfield code="c">YL</subfield>
    </datafield>
    <datafield tag="ADM" ind1=" " ind2=" ">
      <subfield code="b">2020-07-24 12:19:14</subfield>
      <subfield code="e">ocn938996653</subfield>
      <subfield code="d">MARCIVE</subfield>
      <subfield code="f">20190607225008.0</subfield>
      <subfield code="a">2018-02-15 20:04:05</subfield>
      <subfield code="c">false</subfield>
    </datafield>
    <datafield tag="HLD" ind1="0" ind2=" ">
      <subfield code="b">ASRS</subfield>
      <subfield code="c">ASRS</subfield>
      <subfield code="h"> PN6737.U63 </subfield>
      <subfield code="i"> B4 2016 </subfield>
      <subfield code="t">0</subfield>
      <subfield code="8">22464965240003811</subfield>
      <subfield code="updated">2019-05-03 20:50:23</subfield>
      <subfield code="created">2019-05-03 20:50:17</subfield>
    </datafield>
    <datafield tag="HLD" ind1="2" ind2=" ">
      <subfield code="b">GINSBURG</subfield>
      <subfield code="c">medhum</subfield>
      <subfield code="h">PN 6737.U63  B43 2016</subfield>
      <subfield code="8">22413728760003811</subfield>
      <subfield code="updated">2018-02-15 20:05:41</subfield>
      <subfield code="created">2018-02-15 20:05:41</subfield>
    </datafield>
    <datafield tag="ITM" ind1=" " ind2=" ">
      <subfield code="r">22464965240003811</subfield>
      <subfield code="b">1</subfield>
      <subfield code="h">0</subfield>
      <subfield code="g">storage</subfield>
      <subfield code="t">BOOK</subfield>
      <subfield code="9">39074030177737</subfield>
      <subfield code="e">ASRS</subfield>
      <subfield code="8">23241409400003811</subfield>
      <subfield code="a">0</subfield>
      <subfield code="i">PN6737.U63 B4 2016</subfield>
      <subfield code="updated">2019-08-24 14:19:52</subfield>
      <subfield code="q">2017-06-20 06:06:05</subfield>
      <subfield code="d">ASRS</subfield>
      <subfield code="f">MAIN</subfield>
    </datafield>
    <datafield tag="ITM" ind1=" " ind2=" ">
      <subfield code="r">22413728760003811</subfield>
      <subfield code="b">1</subfield>
      <subfield code="h">2</subfield>
      <subfield code="g">medhum</subfield>
      <subfield code="t">BOOK</subfield>
      <subfield code="9">39074501421416</subfield>
      <subfield code="e">medhum</subfield>
      <subfield code="8">23413728740003811</subfield>
      <subfield code="a">0</subfield>
      <subfield code="i">PN 6737.U63 B43 2016</subfield>
      <subfield code="updated">2019-07-22 14:38:31</subfield>
      <subfield code="q">2018-02-15 20:08:38</subfield>
      <subfield code="d">GINSBURG</subfield>
      <subfield code="f">GINSBURG</subfield>
    </datafield>
  </record>