
  <record>
    <leader>08362cgm a2201129 a 4500</leader>
    <controlfield tag="005">20190716124419.0</controlfield>
    <controlfield tag="007">vd cvaizq</controlfield>
    <controlfield tag="008">110426t20112011wiu120 g          vleng d</controlfield>
    <controlfield tag="001">991035907719703811</controlfield>
    <datafield tag="024" ind1="1" ind2="0">
      <subfield code="a">096009759193</subfield>
    </datafield>
    <datafield tag="028" ind1="4" ind2="2">
      <subfield code="a">75919</subfield>
      <subfield code="b">Echo Bridge Home Entertainment</subfield>
    </datafield>
    <datafield tag="035" ind1=" " ind2=" ">
      <subfield code="a">(PPT)b54853552-01tuli_inst</subfield>
    </datafield>
    <datafield tag="035" ind1=" " ind2=" ">
      <subfield code="a">(OCoLC)ocn858848150</subfield>
      <subfield code="9">ExL</subfield>
    </datafield>
    <datafield tag="035" ind1=" " ind2=" ">
      <subfield code="a">ocn714834972</subfield>
    </datafield>
    <datafield tag="035" ind1=" " ind2=" ">
      <subfield code="a">(OCLC)ocn714834972</subfield>
    </datafield>
    <datafield tag="040" ind1=" " ind2=" ">
      <subfield code="a">ORK</subfield>
      <subfield code="b">eng</subfield>
      <subfield code="c">ORK</subfield>
      <subfield code="d">OCLCA</subfield>
      <subfield code="d">OKN</subfield>
      <subfield code="d">ZGV</subfield>
      <subfield code="d">KMS</subfield>
      <subfield code="d">BDX</subfield>
      <subfield code="d">VFQ</subfield>
      <subfield code="d">PPT</subfield>
    </datafield>
    <datafield tag="043" ind1=" " ind2=" ">
      <subfield code="a">e-uk-en</subfield>
    </datafield>
    <datafield tag="079" ind1=" " ind2=" ">
      <subfield code="a">ocn714834972</subfield>
    </datafield>
    <datafield tag="099" ind1=" " ind2=" ">
      <subfield code="a">DVD 13 A131</subfield>
    </datafield>
    <datafield tag="245" ind1="0" ind2="0">
      <subfield code="a">Becoming Jane</subfield>
      <subfield code="h">[videorecording] /</subfield>
      <subfield code="c">Miramax Films, Hanway, UK Film Council and Bord Scanna&#x301;n Na hE&#x301;ireann/The Irish Film Board present in association with 2 Entertain and BBC Films an Ecosse Films production ; in association with Blueprint Pictures ; produced with Scion Films ; a Julian Jarrold film ; written by Sarah Williams and Kevin Hood ; producers, Graham Broadbent, Robert Bernstein, Douglas Rae ; director, Julian Jarrold ; produced in association with Octagon Films.</subfield>
    </datafield>
    <datafield tag="264" ind1=" " ind2="1">
      <subfield code="a">[La Crosse, Wis.?] :</subfield>
      <subfield code="b">[Distributed by Echo Bridge Home Entertainment],</subfield>
      <subfield code="c">[2011]</subfield>
    </datafield>
    <datafield tag="264" ind1=" " ind2="4">
      <subfield code="c">&#xA9;2011</subfield>
    </datafield>
    <datafield tag="300" ind1=" " ind2=" ">
      <subfield code="a">1 videodisc (120 min.) :</subfield>
      <subfield code="b">sound, color ;</subfield>
      <subfield code="c">4 3/4 in.</subfield>
    </datafield>
    <datafield tag="336" ind1=" " ind2=" ">
      <subfield code="a">two-dimensional moving image</subfield>
      <subfield code="b">tdi</subfield>
      <subfield code="2">rdacontent</subfield>
    </datafield>
    <datafield tag="337" ind1=" " ind2=" ">
      <subfield code="a">video</subfield>
      <subfield code="b">v</subfield>
      <subfield code="2">rdamedia</subfield>
    </datafield>
    <datafield tag="338" ind1=" " ind2=" ">
      <subfield code="a">videodisc</subfield>
      <subfield code="b">vd</subfield>
      <subfield code="2">rdacarrier</subfield>
    </datafield>
    <datafield tag="340" ind1=" " ind2=" ">
      <subfield code="g">polychrome</subfield>
      <subfield code="2">rdacc</subfield>
      <subfield code="0">http://rdaregistry.info/termList/RDAColourContent/1003</subfield>
    </datafield>
    <datafield tag="344" ind1=" " ind2=" ">
      <subfield code="a">digital</subfield>
      <subfield code="2">rdatr</subfield>
      <subfield code="0">http://rdaregistry.info/termList/typeRec/1002</subfield>
    </datafield>
    <datafield tag="344" ind1=" " ind2=" ">
      <subfield code="b">optical</subfield>
      <subfield code="2">rdarm</subfield>
      <subfield code="0">http://rdaregistry.info/termList/recMedium/1003</subfield>
    </datafield>
    <datafield tag="344" ind1=" " ind2=" ">
      <subfield code="h">Dolby</subfield>
      <subfield code="2">rdaspc</subfield>
      <subfield code="0">http://rdaregistry.info/termList/specPlayback/1004</subfield>
    </datafield>
    <datafield tag="345" ind1=" " ind2=" ">
      <subfield code="a">widescreen</subfield>
    </datafield>
    <datafield tag="347" ind1=" " ind2=" ">
      <subfield code="a">video file</subfield>
      <subfield code="2">rdaft</subfield>
      <subfield code="0">http://rdaregistry.info/termList/fileType/1006</subfield>
    </datafield>
    <datafield tag="347" ind1=" " ind2=" ">
      <subfield code="b">DVD video</subfield>
    </datafield>
    <datafield tag="538" ind1=" " ind2=" ">
      <subfield code="a">DVD; Dolby Digital; widescreen presentation.</subfield>
    </datafield>
    <datafield tag="500" ind1=" " ind2=" ">
      <subfield code="a">Originally released as a motion picture in 2007.</subfield>
    </datafield>
    <datafield tag="500" ind1=" " ind2=" ">
      <subfield code="a">Publisher's no.: 75919.</subfield>
    </datafield>
    <datafield tag="511" ind1="1" ind2=" ">
      <subfield code="a">Anne Hathaway, James McAvoy, Julie Walters, James Cromwell, Maggie Smith, Anna Maxwell Martin, Lucy Cohu, Laurence Fox, Ian Richardson, Joe Anderson, Leo Bill.</subfield>
    </datafield>
    <datafield tag="508" ind1=" " ind2=" ">
      <subfield code="a">Director of photography, Eigil Bryld ; editor, Emma E. Hickox ; music, Adrian Johnston ; costume designer, Eimer Ni&#x301; Mhaoldomhnaigh ; production designer, Eve Stewart ; hair and make-up designer, Veroncia Brebner ;  ; co-producers, James Flynn, Morgan O'Sullivan, James Saynor ; executive producers, Nicole Finnan ... [et al.].</subfield>
    </datafield>
    <datafield tag="520" ind1=" " ind2=" ">
      <subfield code="a">The year is 1795 and the feisty 20-year-old Jane Austen is an emerging writer who already sees a world beyond class and commerce, beyond pride and prejudice, and dreams of doing what was nearly unthinkable - marrying for love. Naturally, her parents are searching for a wealthy, well-appointed husband to assure their daughter's future social standing. As a prospective match for Jane, her parents are eyeing Mr. Wisley. He is the nephew to the very formidable, not to mention very rich, local aristocrat Lady Gresham. But when Jane meets the roguish and decidedly non-aristocratic Tom Lefroy, sparks soon fly along with the sharp repartee. His intellect and arrogance raise her ire, only to knock her head over heels. Now, the couple, whose flirtation flies in the face of the sense and sensibility of the age, is faced with a terrible dilemma. If they attempt to marry, they will risk everything that matters - family, friends and fortune.</subfield>
    </datafield>
    <datafield tag="521" ind1="8" ind2=" ">
      <subfield code="a">MPAA rating: PG; for brief nudity and mild language.</subfield>
    </datafield>
    <datafield tag="586" ind1="8" ind2=" ">
      <subfield code="a">People's Choice Awards, USA, 2007: Favorite Independent Movie.</subfield>
    </datafield>
    <datafield tag="650" ind1=" " ind2="0">
      <subfield code="a">Women novelists, English</subfield>
      <subfield code="0">http://id.loc.gov/authorities/subjects/sh85147661</subfield>
      <subfield code="v">Biography</subfield>
      <subfield code="0">http://id.loc.gov/authorities/subjects/sh99001237</subfield>
      <subfield code="v">Drama.</subfield>
      <subfield code="0">http://id.loc.gov/authorities/subjects/sh99001612</subfield>
    </datafield>
    <datafield tag="650" ind1=" " ind2="7">
      <subfield code="a">Women novelists, English.</subfield>
      <subfield code="2">fast</subfield>
      <subfield code="0">http://id.worldcat.org/fast/1178213</subfield>
    </datafield>
    <datafield tag="650" ind1=" " ind2="0">
      <subfield code="a">Man-woman relationships</subfield>
      <subfield code="0">http://id.loc.gov/authorities/subjects/sh92001504</subfield>
      <subfield code="z">England</subfield>
      <subfield code="0">http://id.loc.gov/authorities/names/n82068148</subfield>
      <subfield code="v">Drama.</subfield>
      <subfield code="0">http://id.loc.gov/authorities/subjects/sh99001612</subfield>
    </datafield>
    <datafield tag="650" ind1=" " ind2="7">
      <subfield code="a">Man-woman relationships.</subfield>
      <subfield code="2">fast</subfield>
      <subfield code="0">http://id.worldcat.org/fast/1007080</subfield>
    </datafield>
    <datafield tag="650" ind1=" " ind2="0">
      <subfield code="a">Families</subfield>
      <subfield code="v">Drama.</subfield>
      <subfield code="0">http://id.loc.gov/authorities/subjects/sh2008103500</subfield>
    </datafield>
    <datafield tag="650" ind1="2" ind2="7">
      <subfield code="a">Manners and customs.</subfield>
      <subfield code="2">fast</subfield>
      <subfield code="0">http://id.worldcat.org/fast/1007815</subfield>
    </datafield>
    <datafield tag="650" ind1="1" ind2="7">
      <subfield code="a">Families.</subfield>
      <subfield code="2">fast</subfield>
      <subfield code="0">http://id.worldcat.org/fast/1728849</subfield>
    </datafield>
    <datafield tag="650" ind1="1" ind2="7">
      <subfield code="a">Man-woman relationships.</subfield>
      <subfield code="2">fast</subfield>
      <subfield code="0">http://id.worldcat.org/fast/1007080</subfield>
    </datafield>
    <datafield tag="650" ind1="1" ind2="7">
      <subfield code="a">Women novelists, English</subfield>
      <subfield code="x">Biography.</subfield>
      <subfield code="2">fast</subfield>
      <subfield code="0">http://id.worldcat.org/fast/1178214</subfield>
    </datafield>
    <datafield tag="651" ind1=" " ind2="0">
      <subfield code="a">England</subfield>
      <subfield code="x">Social life and customs</subfield>
      <subfield code="y">18th century</subfield>
      <subfield code="v">Drama.</subfield>
      <subfield code="0">http://id.loc.gov/authorities/subjects/sh85043323</subfield>
      <subfield code="0">http://id.loc.gov/authorities/subjects/sh99001612</subfield>
    </datafield>
    <datafield tag="651" ind1=" " ind2="0">
      <subfield code="a">England</subfield>
      <subfield code="v">Drama.</subfield>
      <subfield code="0">http://id.loc.gov/authorities/subjects/sh2008114926</subfield>
    </datafield>
    <datafield tag="651" ind1="1" ind2="7">
      <subfield code="a">England.</subfield>
      <subfield code="2">fast</subfield>
      <subfield code="0">http://id.worldcat.org/fast/1219920</subfield>
    </datafield>
    <datafield tag="651" ind1="2" ind2="7">
      <subfield code="a">England.</subfield>
      <subfield code="2">fast</subfield>
      <subfield code="0">http://id.worldcat.org/fast/1219920</subfield>
    </datafield>
    <datafield tag="655" ind1=" " ind2="7">
      <subfield code="a">Biographical films.</subfield>
      <subfield code="2">lcgft</subfield>
      <subfield code="0">http://id.loc.gov/authorities/genreForms/gf2011026089</subfield>
    </datafield>
    <datafield tag="655" ind1=" " ind2="7">
      <subfield code="a">Biographical films.</subfield>
      <subfield code="2">fast</subfield>
      <subfield code="0">http://id.worldcat.org/fast/1710277</subfield>
    </datafield>
    <datafield tag="655" ind1=" " ind2="7">
      <subfield code="a">Romantic comedy films.</subfield>
      <subfield code="2">lcgft</subfield>
      <subfield code="0">http://id.loc.gov/authorities/genreForms/gf2011026545</subfield>
    </datafield>
    <datafield tag="655" ind1=" " ind2="7">
      <subfield code="a">Romantic comedy films.</subfield>
      <subfield code="2">fast</subfield>
      <subfield code="0">http://id.worldcat.org/fast/1710433</subfield>
    </datafield>
    <datafield tag="655" ind1=" " ind2="7">
      <subfield code="a">Historical films.</subfield>
      <subfield code="2">lcgft</subfield>
      <subfield code="0">http://id.loc.gov/authorities/genreForms/gf2011026311</subfield>
    </datafield>
    <datafield tag="655" ind1=" " ind2="7">
      <subfield code="a">Historical films.</subfield>
      <subfield code="2">fast</subfield>
      <subfield code="0">http://id.worldcat.org/fast/1710314</subfield>
    </datafield>
    <datafield tag="655" ind1=" " ind2="7">
      <subfield code="a">Feature films.</subfield>
      <subfield code="2">lcgft</subfield>
      <subfield code="0">http://id.loc.gov/authorities/genreForms/gf2011026247</subfield>
    </datafield>
    <datafield tag="655" ind1=" " ind2="7">
      <subfield code="a">Feature films.</subfield>
      <subfield code="2">fast</subfield>
      <subfield code="0">http://id.worldcat.org/fast/1710384</subfield>
    </datafield>
    <datafield tag="655" ind1=" " ind2="7">
      <subfield code="a">Comedy films.</subfield>
      <subfield code="2">lcgft</subfield>
      <subfield code="0">http://id.loc.gov/authorities/genreForms/gf2011026147</subfield>
    </datafield>
    <datafield tag="655" ind1=" " ind2="7">
      <subfield code="a">Comedy films.</subfield>
      <subfield code="2">fast</subfield>
      <subfield code="0">http://id.worldcat.org/fast/1710291</subfield>
    </datafield>
    <datafield tag="655" ind1=" " ind2="7">
      <subfield code="a">Video recordings.</subfield>
      <subfield code="2">lcgft</subfield>
      <subfield code="0">http://id.loc.gov/authorities/genreForms/gf2011026723</subfield>
    </datafield>
    <datafield tag="655" ind1=" " ind2="7">
      <subfield code="a">Video recordings.</subfield>
      <subfield code="2">fast</subfield>
      <subfield code="0">http://id.worldcat.org/fast/1692913</subfield>
    </datafield>
    <datafield tag="655" ind1=" " ind2="7">
      <subfield code="a">Drama.</subfield>
      <subfield code="2">lcgft</subfield>
      <subfield code="0">http://id.loc.gov/authorities/genreForms/gf2014026297</subfield>
    </datafield>
    <datafield tag="655" ind1=" " ind2="7">
      <subfield code="a">Drama.</subfield>
      <subfield code="2">fast</subfield>
      <subfield code="0">http://id.worldcat.org/fast/1423879</subfield>
    </datafield>
    <datafield tag="655" ind1=" " ind2="7">
      <subfield code="a">Biographies.</subfield>
      <subfield code="2">lcgft</subfield>
      <subfield code="0">http://id.loc.gov/authorities/genreForms/gf2014026049</subfield>
    </datafield>
    <datafield tag="655" ind1=" " ind2="7">
      <subfield code="a">Biographies.</subfield>
      <subfield code="2">fast</subfield>
      <subfield code="0">http://id.worldcat.org/fast/1919896</subfield>
    </datafield>
    <datafield tag="655" ind1="2" ind2="7">
      <subfield code="a">Drama.</subfield>
      <subfield code="2">fast</subfield>
      <subfield code="0">http://id.worldcat.org/fast/1423879</subfield>
    </datafield>
    <datafield tag="600" ind1="1" ind2="0">
      <subfield code="a">Austen, Jane,</subfield>
      <subfield code="d">1775-1817</subfield>
      <subfield code="v">Drama.</subfield>
      <subfield code="0">http://id.loc.gov/authorities/names/n79032879</subfield>
      <subfield code="0">http://id.loc.gov/authorities/subjects/sh99001612</subfield>
    </datafield>
    <datafield tag="600" ind1="1" ind2="7">
      <subfield code="a">Austen, Jane,</subfield>
      <subfield code="d">1775-1817.</subfield>
      <subfield code="2">fast</subfield>
      <subfield code="0">http://id.worldcat.org/fast/32929</subfield>
    </datafield>
    <datafield tag="600" ind1=" " ind2="7">
      <subfield code="a">Austen, Jane,</subfield>
      <subfield code="d">1775-1817.</subfield>
      <subfield code="2">fast</subfield>
      <subfield code="0">http://id.worldcat.org/fast/32929</subfield>
    </datafield>
    <datafield tag="648" ind1=" " ind2="7">
      <subfield code="a">18th century.</subfield>
      <subfield code="2">fast</subfield>
    </datafield>
    <datafield tag="710" ind1="2" ind2=" ">
      <subfield code="a">Miramax Films.</subfield>
      <subfield code="0">http://id.loc.gov/authorities/names/no94027623</subfield>
    </datafield>
    <datafield tag="710" ind1="2" ind2=" ">
      <subfield code="a">HanWay (Firm)</subfield>
      <subfield code="0">http://id.loc.gov/authorities/names/no2003038904</subfield>
    </datafield>
    <datafield tag="710" ind1="2" ind2=" ">
      <subfield code="a">UK Film Council.</subfield>
      <subfield code="0">http://id.loc.gov/authorities/names/no2004014880</subfield>
    </datafield>
    <datafield tag="710" ind1="2" ind2=" ">
      <subfield code="a">Bord Scanna&#x301;n na hE&#x301;ireann.</subfield>
      <subfield code="0">http://id.loc.gov/authorities/names/no99046356</subfield>
    </datafield>
    <datafield tag="710" ind1="2" ind2=" ">
      <subfield code="a">2 Entertain (Firm)</subfield>
      <subfield code="0">http://id.loc.gov/authorities/names/no2007066615</subfield>
    </datafield>
    <datafield tag="710" ind1="2" ind2=" ">
      <subfield code="a">BBC Films.</subfield>
      <subfield code="0">http://id.loc.gov/authorities/names/no96015216</subfield>
    </datafield>
    <datafield tag="710" ind1="2" ind2=" ">
      <subfield code="a">Ecosse Films (Firm)</subfield>
      <subfield code="0">http://id.loc.gov/authorities/names/n2008011014</subfield>
    </datafield>
    <datafield tag="710" ind1="2" ind2=" ">
      <subfield code="a">Blueprint Pictures (Ireland)</subfield>
      <subfield code="0">http://id.loc.gov/authorities/names/no2005075856</subfield>
    </datafield>
    <datafield tag="710" ind1="2" ind2=" ">
      <subfield code="a">Scion Films.</subfield>
      <subfield code="0">http://id.loc.gov/authorities/names/no2007041709</subfield>
    </datafield>
    <datafield tag="710" ind1="2" ind2=" ">
      <subfield code="a">Echo Bridge Home Entertainment.</subfield>
      <subfield code="0">http://id.loc.gov/authorities/names/no2009166242</subfield>
    </datafield>
    <datafield tag="700" ind1="1" ind2=" ">
      <subfield code="a">Williams, Sarah</subfield>
      <subfield code="q">(Sarah B.)</subfield>
      <subfield code="0">http://id.loc.gov/authorities/names/no2008117554</subfield>
    </datafield>
    <datafield tag="700" ind1="1" ind2=" ">
      <subfield code="a">Hood, Kevin.</subfield>
      <subfield code="0">http://id.loc.gov/authorities/names/n2004032696</subfield>
    </datafield>
    <datafield tag="700" ind1="1" ind2=" ">
      <subfield code="a">Broadbent, Graham.</subfield>
      <subfield code="0">http://id.loc.gov/authorities/names/no00010126</subfield>
    </datafield>
    <datafield tag="700" ind1="1" ind2=" ">
      <subfield code="a">Bernstein, Robert.</subfield>
      <subfield code="0">http://id.loc.gov/authorities/names/no2014051267</subfield>
    </datafield>
    <datafield tag="700" ind1="1" ind2=" ">
      <subfield code="a">Rae, Douglas.</subfield>
      <subfield code="0">http://id.loc.gov/authorities/names/nr96018869</subfield>
    </datafield>
    <datafield tag="700" ind1="1" ind2=" ">
      <subfield code="a">Jarrold, Julian.</subfield>
      <subfield code="0">http://id.loc.gov/authorities/names/no00023053</subfield>
    </datafield>
    <datafield tag="700" ind1="1" ind2=" ">
      <subfield code="a">Hathaway, Anne,</subfield>
      <subfield code="d">1982-</subfield>
      <subfield code="0">http://id.loc.gov/authorities/names/n2001020932</subfield>
    </datafield>
    <datafield tag="700" ind1="1" ind2=" ">
      <subfield code="a">McAvoy, James,</subfield>
      <subfield code="d">1979-</subfield>
      <subfield code="0">http://id.loc.gov/authorities/names/no2006041480</subfield>
    </datafield>
    <datafield tag="700" ind1="1" ind2=" ">
      <subfield code="a">Walters, Julie,</subfield>
      <subfield code="d">1950-</subfield>
      <subfield code="0">http://id.loc.gov/authorities/names/no98107877</subfield>
    </datafield>
    <datafield tag="700" ind1="1" ind2=" ">
      <subfield code="a">Cromwell, James.</subfield>
      <subfield code="0">http://id.loc.gov/authorities/names/no97003587</subfield>
    </datafield>
    <datafield tag="700" ind1="1" ind2=" ">
      <subfield code="a">Smith, Maggie,</subfield>
      <subfield code="d">1934-</subfield>
      <subfield code="0">http://id.loc.gov/authorities/names/nr88003842</subfield>
    </datafield>
    <datafield tag="700" ind1="1" ind2=" ">
      <subfield code="a">Johnston, Adrian.</subfield>
      <subfield code="0">http://id.loc.gov/authorities/names/n97857056</subfield>
    </datafield>
    <datafield tag="700" ind1="1" ind2=" ">
      <subfield code="a">Bryld, Eigil.</subfield>
      <subfield code="0">http://id.loc.gov/authorities/names/no2006128455</subfield>
    </datafield>
    <datafield tag="902" ind1=" " ind2=" ">
      <subfield code="a">170321</subfield>
    </datafield>
    <datafield tag="902" ind1=" " ind2=" ">
      <subfield code="a">MARCIVE-BF 20190703</subfield>
    </datafield>
    <datafield tag="904" ind1=" " ind2=" ">
      <subfield code="a">MARCIVE 20200629</subfield>
    </datafield>
    <datafield tag="907" ind1=" " ind2=" ">
      <subfield code="a">.b54853552</subfield>
      <subfield code="b">a    </subfield>
      <subfield code="c">g</subfield>
    </datafield>
    <datafield tag="945" ind1=" " ind2=" ">
      <subfield code="l">avid </subfield>
      <subfield code="g">1</subfield>
    </datafield>
    <datafield tag="979" ind1=" " ind2=" ">
      <subfield code="a">ocn714834972</subfield>
    </datafield>
    <datafield tag="998" ind1=" " ind2=" ">
      <subfield code="b">0</subfield>
      <subfield code="c">130906</subfield>
      <subfield code="d">m</subfield>
      <subfield code="e">g</subfield>
      <subfield code="f">g</subfield>
      <subfield code="g">0</subfield>
    </datafield>
    <datafield tag="998" ind1=" " ind2=" ">
      <subfield code="a">09/06/13</subfield>
      <subfield code="s">OCLC</subfield>
      <subfield code="c">RM</subfield>
    </datafield>
    <datafield tag="ADM" ind1=" " ind2=" ">
      <subfield code="b">2020-09-04 09:33:54</subfield>
      <subfield code="e">b54853552-01tuli_inst</subfield>
      <subfield code="d">MARCIVE</subfield>
      <subfield code="f">20190607215937.0</subfield>
      <subfield code="a">2017-06-20 07:26:00</subfield>
      <subfield code="c">false</subfield>
    </datafield>
    <datafield tag="HLD" ind1="8" ind2=" ">
      <subfield code="b">AMBLER</subfield>
      <subfield code="c">media</subfield>
      <subfield code="h">DVD 13 A131</subfield>
      <subfield code="8">22266381660003811</subfield>
      <subfield code="updated">2017-09-21 16:59:40</subfield>
      <subfield code="created">2017-06-20 07:26:00</subfield>
    </datafield>
    <datafield tag="ITM" ind1=" " ind2=" ">
      <subfield code="r">22266381660003811</subfield>
      <subfield code="b">1</subfield>
      <subfield code="h">8</subfield>
      <subfield code="g">media</subfield>
      <subfield code="t">DVD</subfield>
      <subfield code="9">39074028476422</subfield>
      <subfield code="e">media</subfield>
      <subfield code="8">23266381630003811</subfield>
      <subfield code="a">5</subfield>
      <subfield code="i">DVD 13 A131</subfield>
      <subfield code="updated">2018-01-23 18:36:20</subfield>
      <subfield code="q">2017-06-20 07:26:00</subfield>
      <subfield code="d">AMBLER</subfield>
      <subfield code="f">AMBLER</subfield>
    </datafield>
  </record>