
  <record>
    <leader>03778cam a2200541Ia 4500</leader>
    <controlfield tag="005">20190716101628.0</controlfield>
    <controlfield tag="008">141202s2014    nyuac         000 0 eng d</controlfield>
    <controlfield tag="001">991006578839703811</controlfield>
    <datafield tag="020" ind1=" " ind2=" ">
      <subfield code="a">9780979562983</subfield>
    </datafield>
    <datafield tag="020" ind1=" " ind2=" ">
      <subfield code="a">0979562988</subfield>
    </datafield>
    <datafield tag="035" ind1=" " ind2=" ">
      <subfield code="a">(PPT)b57039057-01tuli_inst</subfield>
    </datafield>
    <datafield tag="035" ind1=" " ind2=" ">
      <subfield code="a">(OCoLC)ocn904002429</subfield>
      <subfield code="9">ExL</subfield>
    </datafield>
    <datafield tag="035" ind1=" " ind2=" ">
      <subfield code="a">(OCoLC)897205457</subfield>
    </datafield>
    <datafield tag="035" ind1=" " ind2=" ">
      <subfield code="a">ocn897205457</subfield>
    </datafield>
    <datafield tag="035" ind1=" " ind2=" ">
      <subfield code="a">(OCLC)ocn897205457</subfield>
    </datafield>
    <datafield tag="040" ind1=" " ind2=" ">
      <subfield code="a">NYPIC</subfield>
      <subfield code="b">eng</subfield>
      <subfield code="c">NYPIC</subfield>
      <subfield code="d">YDXCP</subfield>
      <subfield code="d">OCLCQ</subfield>
      <subfield code="d">CDX</subfield>
      <subfield code="d">PPT</subfield>
    </datafield>
    <datafield tag="079" ind1=" " ind2=" ">
      <subfield code="a">ocn897205457</subfield>
    </datafield>
    <datafield tag="090" ind1=" " ind2=" ">
      <subfield code="a">TR680</subfield>
      <subfield code="b">.D5735 2014</subfield>
    </datafield>
    <datafield tag="100" ind1="1" ind2=" ">
      <subfield code="a">Disfarmer, Mike,</subfield>
      <subfield code="d">1884-1959.</subfield>
      <subfield code="0">http://id.loc.gov/authorities/names/n95111577</subfield>
    </datafield>
    <datafield tag="245" ind1="1" ind2="0">
      <subfield code="a">Becoming Disfarmer /</subfield>
      <subfield code="c">edited by Chelsea Spengemann, essays by Gil Blank, Tanya Sheehan and Chelsea Spengemann.</subfield>
    </datafield>
    <datafield tag="264" ind1=" " ind2="1">
      <subfield code="a">Purchase :</subfield>
      <subfield code="b">Neuberger Museum of Art,</subfield>
      <subfield code="c">2014.</subfield>
    </datafield>
    <datafield tag="300" ind1=" " ind2=" ">
      <subfield code="a">177 pages :</subfield>
      <subfield code="b">chiefly illustrations ;</subfield>
      <subfield code="c">32 cm</subfield>
    </datafield>
    <datafield tag="336" ind1=" " ind2=" ">
      <subfield code="a">text</subfield>
      <subfield code="b">txt</subfield>
      <subfield code="2">rdacontent</subfield>
    </datafield>
    <datafield tag="337" ind1=" " ind2=" ">
      <subfield code="a">unmediated</subfield>
      <subfield code="b">n</subfield>
      <subfield code="2">rdamedia</subfield>
    </datafield>
    <datafield tag="338" ind1=" " ind2=" ">
      <subfield code="a">volume</subfield>
      <subfield code="b">nc</subfield>
      <subfield code="2">rdacarrier</subfield>
    </datafield>
    <datafield tag="500" ind1=" " ind2=" ">
      <subfield code="a">Exhibition Becoming Disfarmer organized by the Neuberger Museum of Art, Purchase, New York and curated by Chelsea Spengemann, from November 9 2014 to March 22, 2015.</subfield>
    </datafield>
    <datafield tag="520" ind1="8" ind2=" ">
      <subfield code="a">This book uses a sequence of over 100 images to tell the story of Mike Disfarmer's vernacular portraiture and its transformation into art. This monograph features his vintage prints along with a selection of enlargements made from his negatives in the 1970s, through which his work first became known. Disfarmer's postcard-size vintage photographs are reproduced in full color to accurately convey their varied surfaces, and most of the examples are shown in the condition in which they were found, rather than as restored images. This publication also reproduces the backs of selected vintage photographs and provides transcriptions of all handwritten notes that appear on the objects. In addition, the monograph contains reproductions of newspaper pages in which Disfarmer's images appeared, locally produced historical journals that include images by other photographers who worked at the same time and in the same region as Disfarmer and album pages like those for which Disfarmer's photographs were originally made.</subfield>
    </datafield>
    <datafield tag="650" ind1=" " ind2="0">
      <subfield code="a">Portrait photography</subfield>
      <subfield code="v">Exhibitions.</subfield>
      <subfield code="0">http://id.loc.gov/authorities/subjects/sh2008109271</subfield>
    </datafield>
    <datafield tag="650" ind1=" " ind2="0">
      <subfield code="a">Vernacular photography</subfield>
      <subfield code="0">http://id.loc.gov/authorities/subjects/sh2008006774</subfield>
      <subfield code="v">Exhibitions.</subfield>
      <subfield code="0">http://id.loc.gov/authorities/subjects/sh99001275</subfield>
    </datafield>
    <datafield tag="650" ind1=" " ind2="7">
      <subfield code="a">Vernacular photography.</subfield>
      <subfield code="2">fast</subfield>
      <subfield code="0">http://id.worldcat.org/fast/1746380</subfield>
    </datafield>
    <datafield tag="650" ind1=" " ind2="0">
      <subfield code="a">Commercial photography</subfield>
      <subfield code="0">http://id.loc.gov/authorities/subjects/sh85101274</subfield>
      <subfield code="v">Exhibitions.</subfield>
      <subfield code="0">http://id.loc.gov/authorities/subjects/sh99001275</subfield>
    </datafield>
    <datafield tag="650" ind1=" " ind2="7">
      <subfield code="a">Commercial photography.</subfield>
      <subfield code="2">fast</subfield>
      <subfield code="0">http://id.worldcat.org/fast/869562</subfield>
    </datafield>
    <datafield tag="650" ind1=" " ind2="7">
      <subfield code="a">Portrait photography.</subfield>
      <subfield code="2">fast</subfield>
      <subfield code="0">http://id.worldcat.org/fast/1072259</subfield>
    </datafield>
    <datafield tag="655" ind1=" " ind2="7">
      <subfield code="a">Exhibition catalogs.</subfield>
      <subfield code="2">lcgft</subfield>
      <subfield code="0">http://id.loc.gov/authorities/genreForms/gf2014026098</subfield>
    </datafield>
    <datafield tag="655" ind1=" " ind2="7">
      <subfield code="a">Exhibition catalogs.</subfield>
      <subfield code="2">fast</subfield>
      <subfield code="0">http://id.worldcat.org/fast/1424028</subfield>
    </datafield>
    <datafield tag="600" ind1="1" ind2="0">
      <subfield code="a">Disfarmer, Mike,</subfield>
      <subfield code="d">1884-1959</subfield>
      <subfield code="v">Exhibitions.</subfield>
      <subfield code="0">http://id.loc.gov/authorities/names/n95111577</subfield>
      <subfield code="0">http://id.loc.gov/authorities/subjects/sh99001275</subfield>
    </datafield>
    <datafield tag="600" ind1="1" ind2="7">
      <subfield code="a">Disfarmer, Mike,</subfield>
      <subfield code="d">1884-1959.</subfield>
      <subfield code="2">fast</subfield>
      <subfield code="0">http://id.worldcat.org/fast/365308</subfield>
    </datafield>
    <datafield tag="600" ind1=" " ind2="7">
      <subfield code="a">Disfarmer, Mike,</subfield>
      <subfield code="d">1884-1959.</subfield>
      <subfield code="2">fast</subfield>
      <subfield code="0">http://id.worldcat.org/fast/365308</subfield>
    </datafield>
    <datafield tag="710" ind1="2" ind2=" ">
      <subfield code="a">Neuberger Museum of Art.</subfield>
      <subfield code="0">http://id.loc.gov/authorities/names/n97097847</subfield>
    </datafield>
    <datafield tag="700" ind1="1" ind2=" ">
      <subfield code="a">Spengemann, Chelsea.</subfield>
      <subfield code="0">http://id.loc.gov/authorities/names/no2015058914</subfield>
    </datafield>
    <datafield tag="700" ind1="1" ind2=" ">
      <subfield code="a">Sheehan, Tanya,</subfield>
      <subfield code="d">1976-</subfield>
      <subfield code="0">http://id.loc.gov/authorities/names/n2006181590</subfield>
    </datafield>
    <datafield tag="700" ind1="1" ind2=" ">
      <subfield code="a">Blank, Gil.</subfield>
      <subfield code="0">http://id.loc.gov/authorities/names/no2010035299</subfield>
    </datafield>
    <datafield tag="902" ind1=" " ind2=" ">
      <subfield code="a">MARCIVE-BF 20190703</subfield>
    </datafield>
    <datafield tag="904" ind1=" " ind2=" ">
      <subfield code="a">MARCIVE 20200629</subfield>
    </datafield>
    <datafield tag="907" ind1=" " ind2=" ">
      <subfield code="a">.b57039057</subfield>
      <subfield code="b">p    </subfield>
      <subfield code="c">-</subfield>
    </datafield>
    <datafield tag="945" ind1=" " ind2=" ">
      <subfield code="l">psov3</subfield>
      <subfield code="g">1</subfield>
    </datafield>
    <datafield tag="945" ind1=" " ind2=" ">
      <subfield code="l">pstk </subfield>
      <subfield code="g">1</subfield>
    </datafield>
    <datafield tag="979" ind1=" " ind2=" ">
      <subfield code="a">ocn897205457</subfield>
    </datafield>
    <datafield tag="998" ind1=" " ind2=" ">
      <subfield code="b">3</subfield>
      <subfield code="c">150209</subfield>
      <subfield code="d">m</subfield>
      <subfield code="e">a</subfield>
      <subfield code="f">-</subfield>
      <subfield code="g">0</subfield>
    </datafield>
    <datafield tag="998" ind1=" " ind2=" ">
      <subfield code="a">02/09/15</subfield>
      <subfield code="s">OCLC</subfield>
      <subfield code="c">cep </subfield>
    </datafield>
    <datafield tag="ADM" ind1=" " ind2=" ">
      <subfield code="b">2020-07-10 10:14:10</subfield>
      <subfield code="e">b57039057-01tuli_inst</subfield>
      <subfield code="d">MARCIVE</subfield>
      <subfield code="f">20190607174803.0</subfield>
      <subfield code="a">2017-06-20 06:59:38</subfield>
      <subfield code="c">false</subfield>
    </datafield>
    <datafield tag="HLD" ind1="0" ind2=" ">
      <subfield code="b">ASRS</subfield>
      <subfield code="c">ASRS</subfield>
      <subfield code="h"> TR680 </subfield>
      <subfield code="i"> .D5735 2014 </subfield>
      <subfield code="8">22465067360003811</subfield>
      <subfield code="updated">2019-05-03 20:54:53</subfield>
      <subfield code="created">2019-05-03 20:54:51</subfield>
    </datafield>
    <datafield tag="ITM" ind1=" " ind2=" ">
      <subfield code="r">22465067360003811</subfield>
      <subfield code="b">1</subfield>
      <subfield code="h">0</subfield>
      <subfield code="g">ASRS</subfield>
      <subfield code="t">BOOK</subfield>
      <subfield code="9">39074029782679</subfield>
      <subfield code="e">ASRS</subfield>
      <subfield code="8">23258685180003811</subfield>
      <subfield code="a">0</subfield>
      <subfield code="i">TR680 .D5735 2014</subfield>
      <subfield code="updated">2019-06-14 20:08:25</subfield>
      <subfield code="q">2017-06-20 06:59:38</subfield>
      <subfield code="d">ASRS</subfield>
      <subfield code="f">ASRS</subfield>
    </datafield>
    <datafield tag="ITM" ind1=" " ind2=" ">
      <subfield code="r">22465067360003811</subfield>
      <subfield code="b">1</subfield>
      <subfield code="h">0</subfield>
      <subfield code="g">ASRS</subfield>
      <subfield code="t">BOOK</subfield>
      <subfield code="9">39074028734242</subfield>
      <subfield code="e">ASRS</subfield>
      <subfield code="8">23258685200003811</subfield>
      <subfield code="a">0</subfield>
      <subfield code="i">TR680 .D5735 2014</subfield>
      <subfield code="updated">2019-06-26 17:00:09</subfield>
      <subfield code="q">2017-06-20 06:59:38</subfield>
      <subfield code="d">ASRS</subfield>
      <subfield code="f">ASRS</subfield>
    </datafield>
  </record>