
  <record>
    <leader>03682cam a2200565 i 4500</leader>
    <controlfield tag="005">20190930174615.0</controlfield>
    <controlfield tag="008">180520s2018    vauab  e b   s001 0beng  </controlfield>
    <controlfield tag="001">991036952998103811</controlfield>
    <datafield tag="010" ind1=" " ind2=" ">
      <subfield code="a">  2017061669</subfield>
    </datafield>
    <datafield tag="019" ind1=" " ind2=" ">
      <subfield code="a">1035304863</subfield>
    </datafield>
    <datafield tag="020" ind1=" " ind2=" ">
      <subfield code="a">9780813941561</subfield>
      <subfield code="q">(hardcover)</subfield>
      <subfield code="q">(alkaline paper)</subfield>
    </datafield>
    <datafield tag="020" ind1=" " ind2=" ">
      <subfield code="a">0813941563</subfield>
      <subfield code="q">(hardcover)</subfield>
      <subfield code="q">(alkaline paper)</subfield>
    </datafield>
    <datafield tag="020" ind1=" " ind2=" ">
      <subfield code="a">9780813941578</subfield>
      <subfield code="q">(electronic book)</subfield>
    </datafield>
    <datafield tag="020" ind1=" " ind2=" ">
      <subfield code="a">0813941571</subfield>
      <subfield code="q">(electronic book)</subfield>
    </datafield>
    <datafield tag="035" ind1=" " ind2=" ">
      <subfield code="a">(OCoLC)1043051100</subfield>
    </datafield>
    <datafield tag="040" ind1=" " ind2=" ">
      <subfield code="a">LBSOR/DLC</subfield>
      <subfield code="b">eng</subfield>
      <subfield code="e">rda</subfield>
      <subfield code="c">DLC</subfield>
      <subfield code="d">YDX</subfield>
      <subfield code="d">BDX</subfield>
      <subfield code="d">OCLCO</subfield>
      <subfield code="d">OCLCF</subfield>
      <subfield code="d">VA@</subfield>
      <subfield code="d">TXKYL</subfield>
      <subfield code="d">IZ8</subfield>
      <subfield code="d">TH8</subfield>
      <subfield code="d">IWE</subfield>
      <subfield code="d">CLE</subfield>
      <subfield code="d">YDX</subfield>
      <subfield code="d">UCX</subfield>
      <subfield code="d">BKL</subfield>
      <subfield code="d">OCLCO</subfield>
    </datafield>
    <datafield tag="042" ind1=" " ind2=" ">
      <subfield code="a">pcc</subfield>
    </datafield>
    <datafield tag="043" ind1=" " ind2=" ">
      <subfield code="a">n-us---</subfield>
    </datafield>
    <datafield tag="050" ind1="0" ind2="0">
      <subfield code="a">E457.35</subfield>
      <subfield code="b">.F74 2018</subfield>
    </datafield>
    <datafield tag="082" ind1="0" ind2="0">
      <subfield code="a">973.7092</subfield>
      <subfield code="a">B</subfield>
      <subfield code="2">23</subfield>
    </datafield>
    <datafield tag="100" ind1="1" ind2=" ">
      <subfield code="a">Freehling, William W.,</subfield>
      <subfield code="d">1935-</subfield>
      <subfield code="0">http://id.loc.gov/authorities/names/n81028961</subfield>
      <subfield code="e">author.</subfield>
    </datafield>
    <datafield tag="245" ind1="1" ind2="0">
      <subfield code="a">Becoming Lincoln /</subfield>
      <subfield code="c">William W. Freehling.</subfield>
    </datafield>
    <datafield tag="264" ind1=" " ind2="1">
      <subfield code="a">Charlottesville :</subfield>
      <subfield code="b">University of Virginia Press,</subfield>
      <subfield code="c">[2018]</subfield>
    </datafield>
    <datafield tag="300" ind1=" " ind2=" ">
      <subfield code="a">x, 369 pages :</subfield>
      <subfield code="b">illustrations, maps ;</subfield>
      <subfield code="c">25 cm</subfield>
    </datafield>
    <datafield tag="336" ind1=" " ind2=" ">
      <subfield code="a">text</subfield>
      <subfield code="b">txt</subfield>
      <subfield code="2">rdacontent</subfield>
    </datafield>
    <datafield tag="336" ind1=" " ind2=" ">
      <subfield code="a">still image</subfield>
      <subfield code="b">sti</subfield>
      <subfield code="2">rdacontent</subfield>
    </datafield>
    <datafield tag="336" ind1=" " ind2=" ">
      <subfield code="a">cartographic image</subfield>
      <subfield code="b">cri</subfield>
      <subfield code="2">rdacontent</subfield>
    </datafield>
    <datafield tag="337" ind1=" " ind2=" ">
      <subfield code="a">unmediated</subfield>
      <subfield code="b">n</subfield>
      <subfield code="2">rdamedia</subfield>
    </datafield>
    <datafield tag="338" ind1=" " ind2=" ">
      <subfield code="a">volume</subfield>
      <subfield code="b">nc</subfield>
      <subfield code="2">rdacarrier</subfield>
    </datafield>
    <datafield tag="385" ind1=" " ind2=" ">
      <subfield code="n">age</subfield>
      <subfield code="a">Adults</subfield>
      <subfield code="2">lcdgt</subfield>
    </datafield>
    <datafield tag="504" ind1=" " ind2=" ">
      <subfield code="a">Includes bibliographical references and index.</subfield>
    </datafield>
    <datafield tag="505" ind1="0" ind2=" ">
      <subfield code="a">Introduction -- Prologue: A puzzling inauguration -- The rising Lincolns and the Kentucky plummet -- The Indiana plunge -- The Illinois crash -- The New Salem recovery -- The rise and fall of a state legislator -- The rise and limits of a pre-1850s lawyer -- The rise and turbulence of a marriage -- A congressional aspirant's rise -- The Congressional fall -- The Union's economic rescue -- Three climactic railroad cases -- The Peoria address and the strategy of defense -- The 1855 setback -- The lost/found speech -- The Dred Scott case and the Kansas finale -- The great debates -- The cunning revisions -- The Cooper Union address -- The Presidential election and the fruits of revision -- The erratic interregnum -- The troubled inaugural address -- Forts Sumter and Pickens and the emergence of an impressive administrator -- Epilogue: (Slowly) Becoming a coercive emancipator.</subfield>
    </datafield>
    <datafield tag="520" ind1=" " ind2=" ">
      <subfield code="a">"A biographical account of Abraham Lincoln's rises and falls on his improbable path to becoming the president who ended slavery" --</subfield>
      <subfield code="c">Provided by publisher.</subfield>
    </datafield>
    <datafield tag="650" ind1=" " ind2="0">
      <subfield code="a">Presidents</subfield>
      <subfield code="z">United States</subfield>
      <subfield code="v">Biography.</subfield>
      <subfield code="0">http://id.loc.gov/authorities/subjects/sh85106470</subfield>
    </datafield>
    <datafield tag="650" ind1=" " ind2="7">
      <subfield code="a">Abraham Lincoln's political career before 1861.</subfield>
      <subfield code="2">fast</subfield>
      <subfield code="0">http://id.worldcat.org/fast/1351608</subfield>
    </datafield>
    <datafield tag="650" ind1=" " ind2="7">
      <subfield code="a">Political and social views.</subfield>
      <subfield code="2">fast</subfield>
      <subfield code="0">http://id.worldcat.org/fast/1353986</subfield>
    </datafield>
    <datafield tag="650" ind1=" " ind2="7">
      <subfield code="a">Presidents.</subfield>
      <subfield code="2">fast</subfield>
      <subfield code="0">http://id.worldcat.org/fast/1075723</subfield>
    </datafield>
    <datafield tag="650" ind1="1" ind2="7">
      <subfield code="a">Presidents.</subfield>
      <subfield code="2">fast</subfield>
      <subfield code="0">http://id.worldcat.org/fast/1075723</subfield>
    </datafield>
    <datafield tag="651" ind1=" " ind2="7">
      <subfield code="a">United States.</subfield>
      <subfield code="2">fast</subfield>
      <subfield code="0">http://id.worldcat.org/fast/1204155</subfield>
    </datafield>
    <datafield tag="651" ind1="2" ind2="7">
      <subfield code="a">United States.</subfield>
      <subfield code="2">fast</subfield>
      <subfield code="0">http://id.worldcat.org/fast/1204155</subfield>
    </datafield>
    <datafield tag="655" ind1=" " ind2="7">
      <subfield code="a">Biographies.</subfield>
      <subfield code="2">fast</subfield>
      <subfield code="0">http://id.worldcat.org/fast/1919896</subfield>
    </datafield>
    <datafield tag="655" ind1=" " ind2="7">
      <subfield code="a">Biographies.</subfield>
      <subfield code="2">lcgft</subfield>
      <subfield code="0">http://id.loc.gov/authorities/genreForms/gf2014026049</subfield>
    </datafield>
    <datafield tag="655" ind1="2" ind2="7">
      <subfield code="a">Biographies.</subfield>
      <subfield code="2">fast</subfield>
      <subfield code="0">http://id.worldcat.org/fast/1919896</subfield>
    </datafield>
    <datafield tag="600" ind1="1" ind2="0">
      <subfield code="a">Lincoln, Abraham,</subfield>
      <subfield code="d">1809-1865.</subfield>
      <subfield code="0">http://id.loc.gov/authorities/names/n79006779</subfield>
    </datafield>
    <datafield tag="600" ind1="1" ind2="7">
      <subfield code="a">Lincoln, Abraham,</subfield>
      <subfield code="d">1809-1865.</subfield>
      <subfield code="2">fast</subfield>
      <subfield code="0">http://id.worldcat.org/fast/30184</subfield>
    </datafield>
    <datafield tag="600" ind1="1" ind2="0">
      <subfield code="a">Lincoln, Abraham,</subfield>
      <subfield code="d">1809-1865</subfield>
      <subfield code="x">Political career before 1861.</subfield>
      <subfield code="0">http://id.loc.gov/authorities/subjects/sh85077113</subfield>
    </datafield>
    <datafield tag="600" ind1="1" ind2="0">
      <subfield code="a">Lincoln, Abraham,</subfield>
      <subfield code="d">1809-1865</subfield>
      <subfield code="x">Political and social views.</subfield>
      <subfield code="0">http://id.loc.gov/authorities/subjects/sh85077112</subfield>
    </datafield>
    <datafield tag="600" ind1=" " ind2="7">
      <subfield code="a">Lincoln, Abraham,</subfield>
      <subfield code="d">1809-1865.</subfield>
      <subfield code="2">fast</subfield>
      <subfield code="0">http://id.worldcat.org/fast/30184</subfield>
    </datafield>
    <datafield tag="902" ind1=" " ind2=" ">
      <subfield code="a">MARCIVE-BF 20190703</subfield>
    </datafield>
    <datafield tag="904" ind1=" " ind2=" ">
      <subfield code="a">MARCIVE 20200629</subfield>
    </datafield>
    <datafield tag="945" ind1=" " ind2="1">
      <subfield code="i">39074024437246</subfield>
      <subfield code="k">MAIN</subfield>
      <subfield code="l">stacks</subfield>
      <subfield code="a">E457.35</subfield>
      <subfield code="b">.F74 2018</subfield>
      <subfield code="z">090</subfield>
    </datafield>
    <datafield tag="979" ind1=" " ind2=" ">
      <subfield code="a">(OCoLC)1043051100</subfield>
    </datafield>
    <datafield tag="997" ind1=" " ind2=" ">
      <subfield code="a">20181120</subfield>
      <subfield code="d">TEU</subfield>
      <subfield code="c">COUTTS-SR</subfield>
      <subfield code="e">WCAT</subfield>
    </datafield>
    <datafield tag="ADM" ind1=" " ind2=" ">
      <subfield code="b">2020-09-09 01:17:41</subfield>
      <subfield code="e">on1043051100</subfield>
      <subfield code="d">MARCIVE</subfield>
      <subfield code="f">20190607185257.0</subfield>
      <subfield code="a">2018-11-08 15:54:52</subfield>
      <subfield code="c">false</subfield>
    </datafield>
    <datafield tag="HLD" ind1="0" ind2=" ">
      <subfield code="b">MAIN</subfield>
      <subfield code="c">stacks</subfield>
      <subfield code="h">E457.35</subfield>
      <subfield code="i">.F74 2018</subfield>
      <subfield code="8">22438588330003811</subfield>
      <subfield code="updated">2018-11-08 15:55:33</subfield>
      <subfield code="created">2018-11-08 15:55:33</subfield>
    </datafield>
    <datafield tag="ITM" ind1=" " ind2=" ">
      <subfield code="r">22438588330003811</subfield>
      <subfield code="b">1</subfield>
      <subfield code="h">0</subfield>
      <subfield code="g">stacks</subfield>
      <subfield code="t">BOOK</subfield>
      <subfield code="9">39074024437246</subfield>
      <subfield code="e">stacks</subfield>
      <subfield code="l">0</subfield>
      <subfield code="8">23438588320003811</subfield>
      <subfield code="a">0</subfield>
      <subfield code="i">E457.35 .F74 2018</subfield>
      <subfield code="updated">2018-11-26 03:21:51</subfield>
      <subfield code="q">2018-11-08 15:55:33</subfield>
      <subfield code="d">MAIN</subfield>
      <subfield code="f">MAIN</subfield>
    </datafield>
  </record>