
  <record>
    <leader>02294pam a2200493 i 4500</leader>
    <controlfield tag="005">20190716103115.0</controlfield>
    <controlfield tag="008">140327t20142014txua          001 0aeng  </controlfield>
    <controlfield tag="001">991010421469703811</controlfield>
    <datafield tag="010" ind1=" " ind2=" ">
      <subfield code="a">2014011863</subfield>
    </datafield>
    <datafield tag="020" ind1=" " ind2=" ">
      <subfield code="a">9780875656014</subfield>
      <subfield code="q">(cloth)</subfield>
      <subfield code="q">(alkaline paper)</subfield>
    </datafield>
    <datafield tag="020" ind1=" " ind2=" ">
      <subfield code="a">0875656013</subfield>
      <subfield code="q">(cloth)</subfield>
      <subfield code="q">(alkaline paper)</subfield>
    </datafield>
    <datafield tag="035" ind1=" " ind2=" ">
      <subfield code="a">(PPT)b57971808-01tuli_inst</subfield>
    </datafield>
    <datafield tag="035" ind1=" " ind2=" ">
      <subfield code="a">(OCoLC)ocn911505011</subfield>
      <subfield code="9">ExL</subfield>
    </datafield>
    <datafield tag="035" ind1=" " ind2=" ">
      <subfield code="a">(OCoLC)876900867</subfield>
      <subfield code="z">(OCoLC)881029998</subfield>
    </datafield>
    <datafield tag="035" ind1=" " ind2=" ">
      <subfield code="a">ocn876900867</subfield>
    </datafield>
    <datafield tag="035" ind1=" " ind2=" ">
      <subfield code="a">(OCLC)ocn876900867</subfield>
    </datafield>
    <datafield tag="040" ind1=" " ind2=" ">
      <subfield code="a">TXA/DLC</subfield>
      <subfield code="b">eng</subfield>
      <subfield code="e">rda</subfield>
      <subfield code="c">TXA</subfield>
      <subfield code="d">DLC</subfield>
      <subfield code="d">BDX</subfield>
      <subfield code="d">BTCTA</subfield>
      <subfield code="d">AS0</subfield>
      <subfield code="d">OCLCO</subfield>
      <subfield code="d">CDX</subfield>
    </datafield>
    <datafield tag="042" ind1=" " ind2=" ">
      <subfield code="a">pcc</subfield>
    </datafield>
    <datafield tag="043" ind1=" " ind2=" ">
      <subfield code="a">n-us-tx</subfield>
    </datafield>
    <datafield tag="079" ind1=" " ind2=" ">
      <subfield code="a">ocn876900867</subfield>
    </datafield>
    <datafield tag="090" ind1=" " ind2=" ">
      <subfield code="a">NA737.W425</subfield>
      <subfield code="b">A2 2014</subfield>
    </datafield>
    <datafield tag="100" ind1="1" ind2=" ">
      <subfield code="a">Welch, Frank D.,</subfield>
      <subfield code="d">1927-2017</subfield>
      <subfield code="e">author.</subfield>
      <subfield code="0">http://id.loc.gov/authorities/names/n99255304</subfield>
    </datafield>
    <datafield tag="245" ind1="1" ind2="0">
      <subfield code="a">On becoming an architect :</subfield>
      <subfield code="b">a memoir /</subfield>
      <subfield code="c">Frank D. Welch.</subfield>
    </datafield>
    <datafield tag="264" ind1=" " ind2="1">
      <subfield code="a">Fort Worth, Texas :</subfield>
      <subfield code="b">TCU Press,</subfield>
      <subfield code="c">[2014]</subfield>
    </datafield>
    <datafield tag="264" ind1=" " ind2="4">
      <subfield code="c">&#xA9;2014</subfield>
    </datafield>
    <datafield tag="300" ind1=" " ind2=" ">
      <subfield code="a">ix, 206 pages :</subfield>
      <subfield code="b">illustrations ;</subfield>
      <subfield code="c">27 cm</subfield>
    </datafield>
    <datafield tag="336" ind1=" " ind2=" ">
      <subfield code="a">text</subfield>
      <subfield code="2">rdacontent</subfield>
    </datafield>
    <datafield tag="337" ind1=" " ind2=" ">
      <subfield code="a">unmediated</subfield>
      <subfield code="2">rdamedia</subfield>
    </datafield>
    <datafield tag="338" ind1=" " ind2=" ">
      <subfield code="a">volume</subfield>
      <subfield code="2">rdacarrier</subfield>
    </datafield>
    <datafield tag="500" ind1=" " ind2=" ">
      <subfield code="a">"This memoir is autobiographical from my early years in Sherman, Texas, through my early years of architectural practice in West Texas. It is drawn from a lengthier manuscript, Memory notes, which John Davidson edited in the 1990s"--Page ix.</subfield>
    </datafield>
    <datafield tag="500" ind1=" " ind2=" ">
      <subfield code="a">Includes index.</subfield>
    </datafield>
    <datafield tag="650" ind1=" " ind2="0">
      <subfield code="a">Architects</subfield>
      <subfield code="0">http://id.loc.gov/authorities/subjects/sh85006565</subfield>
      <subfield code="z">Texas</subfield>
      <subfield code="0">http://id.loc.gov/authorities/names/n80129616</subfield>
      <subfield code="v">Biography.</subfield>
      <subfield code="0">http://id.loc.gov/authorities/subjects/sh99001237</subfield>
    </datafield>
    <datafield tag="650" ind1=" " ind2="7">
      <subfield code="a">Architects.</subfield>
      <subfield code="2">fast</subfield>
      <subfield code="0">http://id.worldcat.org/fast/813114</subfield>
    </datafield>
    <datafield tag="650" ind1=" " ind2="0">
      <subfield code="a">Architecture</subfield>
      <subfield code="0">http://id.loc.gov/authorities/subjects/sh85006611</subfield>
      <subfield code="z">Texas.</subfield>
      <subfield code="0">http://id.loc.gov/authorities/names/n80129616</subfield>
    </datafield>
    <datafield tag="650" ind1=" " ind2="7">
      <subfield code="a">Architecture.</subfield>
      <subfield code="2">fast</subfield>
      <subfield code="0">http://id.worldcat.org/fast/813346</subfield>
    </datafield>
    <datafield tag="650" ind1="1" ind2="7">
      <subfield code="a">Architecture.</subfield>
      <subfield code="2">fast</subfield>
      <subfield code="0">http://id.worldcat.org/fast/813346</subfield>
    </datafield>
    <datafield tag="650" ind1="1" ind2="7">
      <subfield code="a">Architects.</subfield>
      <subfield code="2">fast</subfield>
      <subfield code="0">http://id.worldcat.org/fast/813114</subfield>
    </datafield>
    <datafield tag="651" ind1="2" ind2="7">
      <subfield code="a">Texas.</subfield>
      <subfield code="2">fast</subfield>
      <subfield code="0">http://id.worldcat.org/fast/1210336</subfield>
    </datafield>
    <datafield tag="655" ind1=" " ind2="7">
      <subfield code="a">Autobiographies.</subfield>
      <subfield code="2">lcgft</subfield>
      <subfield code="0">http://id.loc.gov/authorities/genreForms/gf2014026047</subfield>
    </datafield>
    <datafield tag="655" ind1=" " ind2="7">
      <subfield code="a">Autobiographies.</subfield>
      <subfield code="2">fast</subfield>
      <subfield code="0">http://id.worldcat.org/fast/1919894</subfield>
    </datafield>
    <datafield tag="655" ind1="2" ind2="7">
      <subfield code="a">Biographies.</subfield>
      <subfield code="2">fast</subfield>
      <subfield code="0">http://id.worldcat.org/fast/1919896</subfield>
    </datafield>
    <datafield tag="600" ind1="1" ind2="0">
      <subfield code="a">Welch, Frank D.,</subfield>
      <subfield code="d">1927-2017.</subfield>
      <subfield code="0">http://id.loc.gov/authorities/names/n99255304</subfield>
    </datafield>
    <datafield tag="902" ind1=" " ind2=" ">
      <subfield code="a">MARCIVE-BF 20190703</subfield>
    </datafield>
    <datafield tag="904" ind1=" " ind2=" ">
      <subfield code="a">MARCIVE 20200629</subfield>
    </datafield>
    <datafield tag="907" ind1=" " ind2=" ">
      <subfield code="a">.b57971808</subfield>
      <subfield code="b">p    </subfield>
      <subfield code="c">-</subfield>
    </datafield>
    <datafield tag="945" ind1=" " ind2=" ">
      <subfield code="l">pstk </subfield>
      <subfield code="g">1</subfield>
    </datafield>
    <datafield tag="979" ind1=" " ind2=" ">
      <subfield code="a">ocn876900867</subfield>
    </datafield>
    <datafield tag="998" ind1=" " ind2=" ">
      <subfield code="b">1</subfield>
      <subfield code="c">150609</subfield>
      <subfield code="d">m</subfield>
      <subfield code="e">a</subfield>
      <subfield code="f">-</subfield>
      <subfield code="g">0</subfield>
    </datafield>
    <datafield tag="ADM" ind1=" " ind2=" ">
      <subfield code="b">2020-09-07 15:28:24</subfield>
      <subfield code="e">b57971808-01tuli_inst</subfield>
      <subfield code="d">MARCIVE</subfield>
      <subfield code="f">20190607145711.0</subfield>
      <subfield code="a">2017-06-20 07:33:02</subfield>
      <subfield code="c">false</subfield>
    </datafield>
    <datafield tag="HLD" ind1="0" ind2=" ">
      <subfield code="b">ASRS</subfield>
      <subfield code="c">ASRS</subfield>
      <subfield code="h"> NA737.W425 </subfield>
      <subfield code="i"> A2 2014 </subfield>
      <subfield code="8">22465107630003811</subfield>
      <subfield code="updated">2019-05-03 20:56:42</subfield>
      <subfield code="created">2019-05-03 20:56:38</subfield>
    </datafield>
    <datafield tag="ITM" ind1=" " ind2=" ">
      <subfield code="r">22465107630003811</subfield>
      <subfield code="b">1</subfield>
      <subfield code="h">0</subfield>
      <subfield code="g">ASRS</subfield>
      <subfield code="t">BOOK</subfield>
      <subfield code="9">39074028788206</subfield>
      <subfield code="e">ASRS</subfield>
      <subfield code="8">23268379020003811</subfield>
      <subfield code="a">0</subfield>
      <subfield code="i">NA737.W425 A2 2014</subfield>
      <subfield code="updated">2019-05-03 20:57:10</subfield>
      <subfield code="q">2017-06-20 07:33:02</subfield>
      <subfield code="d">ASRS</subfield>
      <subfield code="f">ASRS</subfield>
    </datafield>
  </record>