
  <record>
    <leader>01579cam  2200361 i 4500</leader>
    <controlfield tag="005">20190930174855.0</controlfield>
    <controlfield tag="008">190218s2019    enka     b    001 0beng  </controlfield>
    <controlfield tag="001">991037299087403811</controlfield>
    <datafield tag="010" ind1=" " ind2=" ">
      <subfield code="a">  2019007189</subfield>
    </datafield>
    <datafield tag="020" ind1=" " ind2=" ">
      <subfield code="a">9781350047174</subfield>
      <subfield code="q">hardcover</subfield>
    </datafield>
    <datafield tag="020" ind1=" " ind2=" ">
      <subfield code="a">1350047171</subfield>
      <subfield code="q">hardcover</subfield>
    </datafield>
    <datafield tag="035" ind1=" " ind2=" ">
      <subfield code="a">(OCoLC)1097366004</subfield>
    </datafield>
    <datafield tag="040" ind1=" " ind2=" ">
      <subfield code="a">DLC</subfield>
      <subfield code="b">eng</subfield>
      <subfield code="e">rda</subfield>
      <subfield code="c">DLC</subfield>
      <subfield code="d">OCLCO</subfield>
      <subfield code="d">BDX</subfield>
      <subfield code="d">OCLCF</subfield>
      <subfield code="d">UKMGB</subfield>
      <subfield code="d">TOH</subfield>
      <subfield code="d">YDX</subfield>
    </datafield>
    <datafield tag="042" ind1=" " ind2=" ">
      <subfield code="a">pcc</subfield>
    </datafield>
    <datafield tag="050" ind1="0" ind2="0">
      <subfield code="a">B2430.B344</subfield>
      <subfield code="b">K57 2019</subfield>
    </datafield>
    <datafield tag="082" ind1="0" ind2="0">
      <subfield code="a">194</subfield>
      <subfield code="2">23</subfield>
    </datafield>
    <datafield tag="100" ind1="1" ind2=" ">
      <subfield code="a">Kirkpatrick, Kate,</subfield>
      <subfield code="e">author.</subfield>
      <subfield code="0">http://id.loc.gov/authorities/names/nb2011022045</subfield>
    </datafield>
    <datafield tag="245" ind1="1" ind2="0">
      <subfield code="a">Becoming Beauvoir :</subfield>
      <subfield code="b">a life /</subfield>
      <subfield code="c">Kate Kirkpatrick.</subfield>
    </datafield>
    <datafield tag="250" ind1=" " ind2=" ">
      <subfield code="a">1 [edition].</subfield>
    </datafield>
    <datafield tag="264" ind1=" " ind2="1">
      <subfield code="a">London ;</subfield>
      <subfield code="a">New York, NY :</subfield>
      <subfield code="b">Bloomsbury Academic, an imprint of Bloomsbury Publishing Plc,</subfield>
      <subfield code="c">2019.</subfield>
    </datafield>
    <datafield tag="300" ind1=" " ind2=" ">
      <subfield code="a">xiv, 476 pages ;</subfield>
      <subfield code="c">23 cm</subfield>
    </datafield>
    <datafield tag="336" ind1=" " ind2=" ">
      <subfield code="a">text</subfield>
      <subfield code="b">txt</subfield>
      <subfield code="2">rdacontent</subfield>
    </datafield>
    <datafield tag="337" ind1=" " ind2=" ">
      <subfield code="a">unmediated</subfield>
      <subfield code="b">n</subfield>
      <subfield code="2">rdamedia</subfield>
    </datafield>
    <datafield tag="338" ind1=" " ind2=" ">
      <subfield code="a">volume</subfield>
      <subfield code="b">nc</subfield>
      <subfield code="2">rdacarrier</subfield>
    </datafield>
    <datafield tag="504" ind1=" " ind2=" ">
      <subfield code="a">Includes bibliographical references and index.</subfield>
    </datafield>
    <datafield tag="600" ind1="1" ind2="0">
      <subfield code="a">Beauvoir, Simone de,</subfield>
      <subfield code="d">1908-1986.</subfield>
      <subfield code="0">http://id.loc.gov/authorities/names/n80005123</subfield>
    </datafield>
    <datafield tag="600" ind1="1" ind2="7">
      <subfield code="a">Beauvoir, Simone de,</subfield>
      <subfield code="d">1908-1986.</subfield>
      <subfield code="2">fast</subfield>
      <subfield code="0">http://id.worldcat.org/fast/48716</subfield>
    </datafield>
    <datafield tag="600" ind1=" " ind2="7">
      <subfield code="a">Beauvoir, Simone de,</subfield>
      <subfield code="d">1908-1986.</subfield>
      <subfield code="2">fast</subfield>
      <subfield code="0">http://id.worldcat.org/fast/48716</subfield>
    </datafield>
    <datafield tag="655" ind1=" " ind2="7">
      <subfield code="a">Biographies.</subfield>
      <subfield code="2">lcgft</subfield>
      <subfield code="0">http://id.loc.gov/authorities/genreForms/gf2014026049</subfield>
    </datafield>
    <datafield tag="655" ind1=" " ind2="7">
      <subfield code="a">Biographies.</subfield>
      <subfield code="2">fast</subfield>
      <subfield code="0">http://id.worldcat.org/fast/1919896</subfield>
    </datafield>
    <datafield tag="776" ind1="0" ind2="8">
      <subfield code="i">Online version:</subfield>
      <subfield code="a">Kirkpatrick, Kate, author.</subfield>
      <subfield code="t">Becoming Beauvoir</subfield>
      <subfield code="b">1 [edition].</subfield>
      <subfield code="d">New York : Bloomsbury Academic, 2019</subfield>
      <subfield code="z">9781350047181</subfield>
      <subfield code="w">(DLC)  2019018185</subfield>
    </datafield>
    <datafield tag="904" ind1=" " ind2=" ">
      <subfield code="a">MARCIVE 20200629</subfield>
    </datafield>
    <datafield tag="979" ind1=" " ind2=" ">
      <subfield code="a">(OCoLC)1097366004</subfield>
    </datafield>
    <datafield tag="997" ind1=" " ind2=" ">
      <subfield code="a">20190917</subfield>
      <subfield code="d">TEU</subfield>
      <subfield code="c">COUTTS-SR</subfield>
      <subfield code="e">WCAT</subfield>
    </datafield>
    <datafield tag="ADM" ind1=" " ind2=" ">
      <subfield code="b">2020-07-24 12:54:26</subfield>
      <subfield code="e">991037299087403811</subfield>
      <subfield code="d">MARCIVE</subfield>
      <subfield code="f">20190918110730.0</subfield>
      <subfield code="a">2019-08-26 19:21:52</subfield>
      <subfield code="c">false</subfield>
    </datafield>
    <datafield tag="HLD" ind1="0" ind2=" ">
      <subfield code="b">JAPAN</subfield>
      <subfield code="c">stacks</subfield>
      <subfield code="h">B2430.B344</subfield>
      <subfield code="i">K57 2019</subfield>
      <subfield code="8">22486766910003811</subfield>
      <subfield code="updated">2020-01-21 07:43:28</subfield>
      <subfield code="created">2020-01-21 07:33:59</subfield>
    </datafield>
    <datafield tag="HLD" ind1="0" ind2=" ">
      <subfield code="b">MAIN</subfield>
      <subfield code="c">stacks</subfield>
      <subfield code="h">B2430.B344</subfield>
      <subfield code="i">K57 2019</subfield>
      <subfield code="8">22472759920003811</subfield>
      <subfield code="updated">2019-09-12 18:14:43</subfield>
      <subfield code="created">2019-08-26 19:22:43</subfield>
    </datafield>
    <datafield tag="ITM" ind1=" " ind2=" ">
      <subfield code="r">22486766910003811</subfield>
      <subfield code="b">1</subfield>
      <subfield code="h">0</subfield>
      <subfield code="g">stacks</subfield>
      <subfield code="t">BOOK</subfield>
      <subfield code="9">31982070528338</subfield>
      <subfield code="e">stacks</subfield>
      <subfield code="8">23486766900003811</subfield>
      <subfield code="a">0</subfield>
      <subfield code="i">B2430.B344 K57 2019</subfield>
      <subfield code="updated">2020-01-23 23:59:25</subfield>
      <subfield code="q">2020-01-21 07:34:28</subfield>
      <subfield code="d">JAPAN</subfield>
      <subfield code="f">JAPAN</subfield>
    </datafield>
    <datafield tag="ITM" ind1=" " ind2=" ">
      <subfield code="r">22472759920003811</subfield>
      <subfield code="b">1</subfield>
      <subfield code="h">0</subfield>
      <subfield code="g">stacks</subfield>
      <subfield code="t">BOOK</subfield>
      <subfield code="9">39074031790363</subfield>
      <subfield code="e">stacks</subfield>
      <subfield code="l">0</subfield>
      <subfield code="8">23472759910003811</subfield>
      <subfield code="a">0</subfield>
      <subfield code="i">B2430.B344 K57 2019</subfield>
      <subfield code="updated">2019-10-13 17:37:20</subfield>
      <subfield code="q">2019-08-26 19:22:43</subfield>
      <subfield code="d">MAIN</subfield>
      <subfield code="f">MAIN</subfield>
    </datafield>
  </record>