
  <record>
    <leader>03911cam a2200805Ii 4500</leader>
    <controlfield tag="005">20200901063523.9</controlfield>
    <controlfield tag="006">m     o  d        </controlfield>
    <controlfield tag="007">cr |n|||||||||</controlfield>
    <controlfield tag="008">170407t20162016stk     ob    001 0 eng d</controlfield>
    <controlfield tag="001">991037717547203811</controlfield>
    <datafield tag="010" ind1=" " ind2=" ">
      <subfield code="a">  2016286148</subfield>
    </datafield>
    <datafield tag="019" ind1=" " ind2=" ">
      <subfield code="a">1175636991</subfield>
    </datafield>
    <datafield tag="020" ind1=" " ind2=" ">
      <subfield code="a">9781474414579</subfield>
      <subfield code="q">(electronic bk.)</subfield>
    </datafield>
    <datafield tag="020" ind1=" " ind2=" ">
      <subfield code="a">1474414575</subfield>
      <subfield code="q">(electronic bk.)</subfield>
    </datafield>
    <datafield tag="020" ind1=" " ind2=" ">
      <subfield code="z">9781474414562 (hbk.)</subfield>
    </datafield>
    <datafield tag="020" ind1=" " ind2=" ">
      <subfield code="z">1474414567 (hbk.)</subfield>
    </datafield>
    <datafield tag="020" ind1=" " ind2=" ">
      <subfield code="z">9781474414586</subfield>
      <subfield code="q">(epub)</subfield>
    </datafield>
    <datafield tag="035" ind1=" " ind2=" ">
      <subfield code="a">(OCoLC)979782758</subfield>
      <subfield code="z">(OCoLC)1175636991</subfield>
    </datafield>
    <datafield tag="035" ind1=" " ind2=" ">
      <subfield code="a">(OCoLC)ocn979782758</subfield>
    </datafield>
    <datafield tag="037" ind1=" " ind2=" ">
      <subfield code="a">22573/ctt1f5gzcr</subfield>
      <subfield code="b">JSTOR</subfield>
    </datafield>
    <datafield tag="040" ind1=" " ind2=" ">
      <subfield code="a">YDX</subfield>
      <subfield code="b">eng</subfield>
      <subfield code="e">rda</subfield>
      <subfield code="e">pn</subfield>
      <subfield code="c">YDX</subfield>
      <subfield code="d">JSTOR</subfield>
      <subfield code="d">OCLCF</subfield>
      <subfield code="d">WAU</subfield>
      <subfield code="d">N$T</subfield>
      <subfield code="d">IDEBK</subfield>
      <subfield code="d">YDX</subfield>
      <subfield code="d">HEBIS</subfield>
      <subfield code="d">OCLCO</subfield>
      <subfield code="d">IOG</subfield>
      <subfield code="d">SNK</subfield>
      <subfield code="d">DKU</subfield>
      <subfield code="d">AUW</subfield>
      <subfield code="d">INTCL</subfield>
      <subfield code="d">BTN</subfield>
      <subfield code="d">IGB</subfield>
      <subfield code="d">U3W</subfield>
      <subfield code="d">D6H</subfield>
      <subfield code="d">EZ9</subfield>
      <subfield code="d">VTS</subfield>
      <subfield code="d">AGLDB</subfield>
      <subfield code="d">OCLCA</subfield>
      <subfield code="d">G3B</subfield>
      <subfield code="d">S8J</subfield>
      <subfield code="d">S9I</subfield>
      <subfield code="d">STF</subfield>
      <subfield code="d">M8D</subfield>
      <subfield code="d">UKAHL</subfield>
      <subfield code="d">OCLCA</subfield>
      <subfield code="d">OCLCQ</subfield>
      <subfield code="d">UX1</subfield>
    </datafield>
    <datafield tag="043" ind1=" " ind2=" ">
      <subfield code="a">n-us---</subfield>
      <subfield code="a">n-cn---</subfield>
    </datafield>
    <datafield tag="049" ind1=" " ind2=" ">
      <subfield code="a">TEUU</subfield>
    </datafield>
    <datafield tag="050" ind1=" " ind2="4">
      <subfield code="a">PN212</subfield>
      <subfield code="b">.A78 2016eb</subfield>
    </datafield>
    <datafield tag="082" ind1="0" ind2="4">
      <subfield code="a">813/.00923</subfield>
      <subfield code="2">23</subfield>
    </datafield>
    <datafield tag="100" ind1="1" ind2=" ">
      <subfield code="a">Askin, Ridvan,</subfield>
      <subfield code="e">author.</subfield>
    </datafield>
    <datafield tag="245" ind1="1" ind2="0">
      <subfield code="a">Narrative and becoming /</subfield>
      <subfield code="c">Ridvan Askin.</subfield>
    </datafield>
    <datafield tag="264" ind1=" " ind2="1">
      <subfield code="a">Edinburgh :</subfield>
      <subfield code="b">Edinburgh University Press,</subfield>
      <subfield code="c">[2016]</subfield>
    </datafield>
    <datafield tag="264" ind1=" " ind2="4">
      <subfield code="c">&#xA9;2016</subfield>
    </datafield>
    <datafield tag="300" ind1=" " ind2=" ">
      <subfield code="a">1 online resource (viii, 213 pages).</subfield>
    </datafield>
    <datafield tag="336" ind1=" " ind2=" ">
      <subfield code="a">text</subfield>
      <subfield code="b">txt</subfield>
      <subfield code="2">rdacontent</subfield>
    </datafield>
    <datafield tag="337" ind1=" " ind2=" ">
      <subfield code="a">computer</subfield>
      <subfield code="b">c</subfield>
      <subfield code="2">rdamedia</subfield>
    </datafield>
    <datafield tag="338" ind1=" " ind2=" ">
      <subfield code="a">online resource</subfield>
      <subfield code="b">cr</subfield>
      <subfield code="2">rdacarrier</subfield>
    </datafield>
    <datafield tag="490" ind1="1" ind2=" ">
      <subfield code="a">Plateaus : new directions in Deleuze studies</subfield>
    </datafield>
    <datafield tag="504" ind1=" " ind2=" ">
      <subfield code="a">Includes bibliographical references (pages 190-203) and index.</subfield>
    </datafield>
    <datafield tag="505" ind1="0" ind2=" ">
      <subfield code="a">Introduction ; differential narratology -- Intensive narration : Ana Castillo's The Mixquiahuala Letters -- Narrating sensation : Michael Ondaatje's The Collected Works of Billy the Kid -- Sensational realism : Colson Whitehead's The Intuitionist -- Real folds : Mark Z. Danielewski's House of Leaves -- Conclusion : from the becoming of narrative to the narrativity of becoming.</subfield>
    </datafield>
    <datafield tag="520" ind1=" " ind2=" ">
      <subfield code="a">What is narrative? Ridvan Askin brings together aesthetics, contemporary North American fiction, Gilles Deleuze, narrative theory and the recent speculative turn to answer this question. Through this process, he develops a transcendental empiricist concept of narrative. Askin argues against the established consensus of narrative theory for an understanding of narrative as fundamentally nonhuman, unconscious and expressive.</subfield>
    </datafield>
    <datafield tag="590" ind1=" " ind2=" ">
      <subfield code="a">Cambridge University Press</subfield>
      <subfield code="b">Cambridge eBooks and Partner Presses: All Books</subfield>
    </datafield>
    <datafield tag="590" ind1=" " ind2=" ">
      <subfield code="a">Access is available to the Temple Community through use of a networked computer with a Temple IP address.</subfield>
    </datafield>
    <datafield tag="600" ind1="1" ind2="0">
      <subfield code="a">Deleuze, Gilles,</subfield>
      <subfield code="d">1925-1995.</subfield>
    </datafield>
    <datafield tag="600" ind1="1" ind2="7">
      <subfield code="a">Deleuze, Gilles,</subfield>
      <subfield code="d">1925-1995.</subfield>
      <subfield code="2">fast</subfield>
      <subfield code="0">(OCoLC)fst01427364</subfield>
    </datafield>
    <datafield tag="650" ind1=" " ind2="0">
      <subfield code="a">Narration (Rhetoric)</subfield>
    </datafield>
    <datafield tag="650" ind1=" " ind2="0">
      <subfield code="a">American fiction</subfield>
      <subfield code="x">History and criticism.</subfield>
    </datafield>
    <datafield tag="650" ind1=" " ind2="0">
      <subfield code="a">Canadian fiction</subfield>
      <subfield code="x">History and criticism.</subfield>
    </datafield>
    <datafield tag="650" ind1=" " ind2="0">
      <subfield code="a">Literature</subfield>
      <subfield code="x">Philosophy.</subfield>
    </datafield>
    <datafield tag="650" ind1=" " ind2="7">
      <subfield code="a">American fiction.</subfield>
      <subfield code="2">fast</subfield>
      <subfield code="0">(OCoLC)fst00807048</subfield>
    </datafield>
    <datafield tag="650" ind1=" " ind2="7">
      <subfield code="a">Canadian fiction.</subfield>
      <subfield code="2">fast</subfield>
      <subfield code="0">(OCoLC)fst00845101</subfield>
    </datafield>
    <datafield tag="650" ind1=" " ind2="7">
      <subfield code="a">Literature</subfield>
      <subfield code="x">Philosophy.</subfield>
      <subfield code="2">fast</subfield>
      <subfield code="0">(OCoLC)fst01000005</subfield>
    </datafield>
    <datafield tag="650" ind1=" " ind2="7">
      <subfield code="a">Narration (Rhetoric)</subfield>
      <subfield code="2">fast</subfield>
      <subfield code="0">(OCoLC)fst01032927</subfield>
    </datafield>
    <datafield tag="650" ind1=" " ind2="7">
      <subfield code="a">Metaphysik</subfield>
      <subfield code="2">local</subfield>
    </datafield>
    <datafield tag="650" ind1=" " ind2="7">
      <subfield code="a">Werden</subfield>
      <subfield code="2">local</subfield>
    </datafield>
    <datafield tag="655" ind1=" " ind2="7">
      <subfield code="a">Criticism, interpretation, etc.</subfield>
      <subfield code="2">fast</subfield>
      <subfield code="0">(OCoLC)fst01411635</subfield>
    </datafield>
    <datafield tag="776" ind1="0" ind2="8">
      <subfield code="i">Print version:</subfield>
      <subfield code="z">9781474414562</subfield>
      <subfield code="z">1474414567</subfield>
      <subfield code="w">(DLC)  2016286148</subfield>
      <subfield code="w">(OCoLC)942707127</subfield>
    </datafield>
    <datafield tag="830" ind1=" " ind2="0">
      <subfield code="a">Plateaus</subfield>
    </datafield>
    <datafield tag="856" ind1="4" ind2="0">
      <subfield code="u">http://www.cambridge.org/core/product/7B62500DE9DEA12BA1D17294BB3ACBC8</subfield>
    </datafield>
    <datafield tag="979" ind1=" " ind2=" ">
      <subfield code="a">ocn979782758</subfield>
    </datafield>
    <datafield tag="ADM" ind1=" " ind2=" ">
      <subfield code="b">2020-09-03 10:17:00</subfield>
      <subfield code="e">ocn979782758</subfield>
      <subfield code="d">OCLC</subfield>
      <subfield code="f">20200901063523.9</subfield>
      <subfield code="a">2020-09-02 12:27:55</subfield>
      <subfield code="c">false</subfield>
    </datafield>
    <datafield tag="PRT" ind1=" " ind2=" ">
      <subfield code="updated">2020-09-02 12:28:29</subfield>
      <subfield code="i">61530087730003811</subfield>
      <subfield code="c">Cambridge Core Ebooks</subfield>
      <subfield code="created">2020-09-02 12:28:23</subfield>
      <subfield code="j">62530087720003811</subfield>
      <subfield code="a">53531098660003811</subfield>
      <subfield code="b">https://sandbox01-na.alma.exlibrisgroup.com/view/uresolver/01TULI_INST/openurl?u.ignore_date_coverage=true&amp;rft.mms_id=991037717547203811</subfield>
      <subfield code="9">Available</subfield>
      <subfield code="8">53531098660003811</subfield>
    </datafield>
  </record>