
  <record>
    <leader>03308cam a2200397Ii 4500</leader>
    <controlfield tag="001">991036816944903811</controlfield>
    <controlfield tag="005">20170821191209.0</controlfield>
    <controlfield tag="006">m     o  d        </controlfield>
    <controlfield tag="007">cr -n---------</controlfield>
    <controlfield tag="008">191130s2013    ne      ob    001 0 eng d</controlfield>
    <datafield tag="020" ind1=" " ind2=" ">
      <subfield code="a">94-6209-391-1</subfield>
    </datafield>
    <datafield tag="020" ind1=" " ind2=" ">
      <subfield code="a">94-6209-392-X</subfield>
    </datafield>
    <datafield tag="024" ind1="7" ind2=" ">
      <subfield code="a">10.1007/978-94-6209-392-8</subfield>
      <subfield code="2">doi</subfield>
    </datafield>
    <datafield tag="035" ind1=" " ind2=" ">
      <subfield code="a">(CKB)2550000001179092</subfield>
    </datafield>
    <datafield tag="035" ind1=" " ind2=" ">
      <subfield code="a">(EBL)3034904</subfield>
    </datafield>
    <datafield tag="035" ind1=" " ind2=" ">
      <subfield code="a">(SSID)ssj0001067767</subfield>
    </datafield>
    <datafield tag="035" ind1=" " ind2=" ">
      <subfield code="a">(PQKBManifestationID)11538471</subfield>
    </datafield>
    <datafield tag="035" ind1=" " ind2=" ">
      <subfield code="a">(PQKBTitleCode)TC0001067767</subfield>
    </datafield>
    <datafield tag="035" ind1=" " ind2=" ">
      <subfield code="a">(PQKBWorkID)11093148</subfield>
    </datafield>
    <datafield tag="035" ind1=" " ind2=" ">
      <subfield code="a">(PQKB)10681545</subfield>
    </datafield>
    <datafield tag="035" ind1=" " ind2=" ">
      <subfield code="a">(DE-He213)978-94-6209-392-8</subfield>
    </datafield>
    <datafield tag="035" ind1=" " ind2=" ">
      <subfield code="a">(MiAaPQ)EBC3034904</subfield>
    </datafield>
    <datafield tag="035" ind1=" " ind2=" ">
      <subfield code="a">(OCoLC)865536613</subfield>
    </datafield>
    <datafield tag="035" ind1=" " ind2=" ">
      <subfield code="a">(nllekb)BRILL9789462093928</subfield>
    </datafield>
    <datafield tag="035" ind1=" " ind2=" ">
      <subfield code="a">(EXLCZ)992550000001179092</subfield>
    </datafield>
    <datafield tag="040" ind1=" " ind2=" ">
      <subfield code="a">NL-LeKB</subfield>
      <subfield code="c">NL-LeKB</subfield>
      <subfield code="e">rda</subfield>
    </datafield>
    <datafield tag="041" ind1=" " ind2=" ">
      <subfield code="a">eng</subfield>
    </datafield>
    <datafield tag="050" ind1=" " ind2="4">
      <subfield code="a">LB1025.3</subfield>
    </datafield>
    <datafield tag="072" ind1=" " ind2="7">
      <subfield code="a">JN</subfield>
      <subfield code="2">bicssc</subfield>
    </datafield>
    <datafield tag="072" ind1=" " ind2="7">
      <subfield code="a">EDU000000</subfield>
      <subfield code="2">bisacsh</subfield>
    </datafield>
    <datafield tag="082" ind1="0" ind2="4">
      <subfield code="a">370</subfield>
      <subfield code="2">23</subfield>
    </datafield>
    <datafield tag="100" ind1="1" ind2=" ">
      <subfield code="a">Kearney, Edmund M.,</subfield>
      <subfield code="e">author.</subfield>
    </datafield>
    <datafield tag="245" ind1="1" ind2="0">
      <subfield code="a">On Becoming a Teacher /</subfield>
      <subfield code="c">Edmund M. Kearney.</subfield>
    </datafield>
    <datafield tag="264" ind1=" " ind2="1">
      <subfield code="a">Leiden; </subfield>
      <subfield code="a">Boston :</subfield>
      <subfield code="b">Brill | Sense,</subfield>
      <subfield code="c">2013.</subfield>
    </datafield>
    <datafield tag="300" ind1=" " ind2=" ">
      <subfield code="a">1 online resource (109 p.)</subfield>
    </datafield>
    <datafield tag="336" ind1=" " ind2=" ">
      <subfield code="a">text</subfield>
      <subfield code="b">txt</subfield>
    </datafield>
    <datafield tag="337" ind1=" " ind2=" ">
      <subfield code="a">computer</subfield>
      <subfield code="b">c</subfield>
    </datafield>
    <datafield tag="338" ind1=" " ind2=" ">
      <subfield code="a">online resource</subfield>
      <subfield code="b">cr</subfield>
    </datafield>
    <datafield tag="500" ind1=" " ind2=" ">
      <subfield code="a">Description based upon print version of record.</subfield>
    </datafield>
    <datafield tag="546" ind1=" " ind2=" ">
      <subfield code="a">English</subfield>
    </datafield>
    <datafield tag="504" ind1=" " ind2=" ">
      <subfield code="a">Includes bibliographical references and index.</subfield>
    </datafield>
    <datafield tag="505" ind1="0" ind2="0">
      <subfield code="a">Preliminary Material -- Choosing Wisely: Your Journey Begins with a Single Choice -- Understanding Where You Came From: Appreciating Your Apprenticeship -- Being Authentic -- Being Passionate -- Being Zealous -- Being Greedy -- Being More than Tolerant: Celebrating Differences -- Earning Respect -- Establishing Rules -- Appreciating Group Processes and Dynamics -- Creating a Culture of Inquiry -- Getting to Know You&#x2026; -- Appreciating Learning Styles -- Understanding Standardized Tests -- Avoiding Gender, and Other, Biases in the Classroom -- Dealing with Disabilities -- Planning Lessons: Know Your Top Three -- Teaching to Mastery -- Using Technology -- Assessing Learning -- Studying Successful Teachers -- Staying Current -- Welcoming Feedback I: Stakeholders -- Welcoming Feedback II: Managing the Process -- Following the Golden Rule (of Teaching) -- Final Words -- References -- Index.</subfield>
    </datafield>
    <datafield tag="520" ind1=" " ind2=" ">
      <subfield code="a">Students deserve great teachers and learning to become a great teacher is a lifelong journey. On Becoming a Teacher guides both the new and experienced teacher through the exhilarating process of learning to educate students in a way that makes a lasting impact on their lives. Dr. Kearney leads the reader through the process of understanding what lies at the foundation of great teaching, loading each essay with ready-for-classroom use applications and challenging ideas. This book is designed to encourage the reader to think deeply about all aspects of education, while instilling, or rekindling, the excitement, enthusiasm, and teaching excellence shared by all great teachers. Written in conversational essay form and supplemented with discussion and reflection questions, this brief book would make an ideal classroom text for student teaching and education seminars. Whether you aspire to teaching excellence at the elementary school, middle school, high school, or collegiate level, On Becoming a Teacher is a must read.</subfield>
    </datafield>
    <datafield tag="588" ind1=" " ind2=" ">
      <subfield code="a">Description based on print version record.</subfield>
    </datafield>
    <datafield tag="650" ind1=" " ind2="0">
      <subfield code="a">Teachers</subfield>
      <subfield code="x">Training of.</subfield>
    </datafield>
    <datafield tag="650" ind1=" " ind2="0">
      <subfield code="a">Teaching.</subfield>
    </datafield>
    <datafield tag="655" ind1=" " ind2="4">
      <subfield code="a">Electronic books.</subfield>
    </datafield>
    <datafield tag="776" ind1=" " ind2=" ">
      <subfield code="z">94-6209-390-3</subfield>
    </datafield>
    <datafield tag="776" ind1=" " ind2=" ">
      <subfield code="z">1-306-27980-1</subfield>
    </datafield>
    <datafield tag="906" ind1=" " ind2=" ">
      <subfield code="a">BOOK</subfield>
    </datafield>
    <datafield tag="ADM" ind1=" " ind2=" ">
      <subfield code="b">2020-01-18 12:52:54</subfield>
      <subfield code="e">(CKB)2550000001179092</subfield>
      <subfield code="d">SPRINGER</subfield>
      <subfield code="f">20151204184048.0</subfield>
      <subfield code="a">2014-01-11 18:31:36</subfield>
      <subfield code="c">false</subfield>
    </datafield>
    <datafield tag="PRT" ind1=" " ind2=" ">
      <subfield code="updated">2017-07-08 09:33:59</subfield>
      <subfield code="i">61391921830003811</subfield>
      <subfield code="e">EBSCOhost</subfield>
      <subfield code="c">EBSCOhost Academic eBook Collection (North America)</subfield>
      <subfield code="created">2017-07-08 09:33:18</subfield>
      <subfield code="j">62391921820003811</subfield>
      <subfield code="a">53394636690003811</subfield>
      <subfield code="b">https://sandbox01-na.alma.exlibrisgroup.com/view/uresolver/01TULI_INST/openurl?u.ignore_date_coverage=true&amp;rft.mms_id=991036816944903811</subfield>
      <subfield code="9">Available</subfield>
      <subfield code="h">613640000000000029</subfield>
      <subfield code="8">53394636690003811</subfield>
    </datafield>
    <datafield tag="PRT" ind1=" " ind2=" ">
      <subfield code="updated">2017-07-08 16:01:18</subfield>
      <subfield code="i">61395691750003811</subfield>
      <subfield code="e">EBSCOhost</subfield>
      <subfield code="c">EBSCOhost eBook Community College Collection</subfield>
      <subfield code="created">2017-07-08 16:00:39</subfield>
      <subfield code="j">62395691740003811</subfield>
      <subfield code="a">53396582110003811</subfield>
      <subfield code="b">https://sandbox01-na.alma.exlibrisgroup.com/view/uresolver/01TULI_INST/openurl?u.ignore_date_coverage=true&amp;rft.mms_id=991036816944903811</subfield>
      <subfield code="9">Available</subfield>
      <subfield code="h">613860000000000003</subfield>
      <subfield code="8">53396582110003811</subfield>
    </datafield>
  </record>