
  <record>
    <leader>02375ngm a2200565Ic 4500</leader>
    <controlfield tag="005">201892112940.0</controlfield>
    <controlfield tag="006">m     o  c        </controlfield>
    <controlfield tag="007">vz|czazuu</controlfield>
    <controlfield tag="007">cr cna</controlfield>
    <controlfield tag="008">180921p20182017nyu022        o   v|eng d</controlfield>
    <controlfield tag="001">991037491416703811</controlfield>
    <datafield tag="028" ind1="4" ind2="0">
      <subfield code="a">154363</subfield>
      <subfield code="b">Infobase</subfield>
    </datafield>
    <datafield tag="028" ind1="4" ind2="0">
      <subfield code="a">[154359]s</subfield>
      <subfield code="b">Infobase</subfield>
    </datafield>
    <datafield tag="035" ind1=" " ind2=" ">
      <subfield code="a">1000154363</subfield>
    </datafield>
    <datafield tag="035" ind1=" " ind2=" ">
      <subfield code="a">(OCoLC)1053902643</subfield>
    </datafield>
    <datafield tag="035" ind1=" " ind2=" ">
      <subfield code="a">(FOD)1000154363</subfield>
    </datafield>
    <datafield tag="040" ind1=" " ind2=" ">
      <subfield code="a">AzPhAEM</subfield>
      <subfield code="b">eng</subfield>
      <subfield code="e">rda</subfield>
    </datafield>
    <datafield tag="041" ind1="0" ind2=" ">
      <subfield code="a">eng</subfield>
      <subfield code="j">eng</subfield>
      <subfield code="h">eng</subfield>
    </datafield>
    <datafield tag="046" ind1=" " ind2=" ">
      <subfield code="k">2017</subfield>
    </datafield>
    <datafield tag="245" ind1="0" ind2="0">
      <subfield code="a">Becoming Superhuman /</subfield>
      <subfield code="c">TVF International.</subfield>
    </datafield>
    <datafield tag="264" ind1=" " ind2="1">
      <subfield code="a">[Place of publication not identified] : </subfield>
      <subfield code="b">TVF International, </subfield>
      <subfield code="c">[2017]</subfield>
    </datafield>
    <datafield tag="264" ind1="3" ind2="2">
      <subfield code="a">New York, N.Y. :</subfield>
      <subfield code="b">Distributed by Infobase, </subfield>
      <subfield code="c">2018.</subfield>
    </datafield>
    <datafield tag="264" ind1=" " ind2="4">
      <subfield code="c">&#xA9;2017</subfield>
    </datafield>
    <datafield tag="300" ind1=" " ind2=" ">
      <subfield code="a">1 online resource (1 video file (22 min., 8 sec)) :</subfield>
      <subfield code="b">sound, color.</subfield>
    </datafield>
    <datafield tag="336" ind1=" " ind2=" ">
      <subfield code="a">two-dimensional moving image</subfield>
      <subfield code="b">tdi</subfield>
      <subfield code="2">rdacontent</subfield>
    </datafield>
    <datafield tag="337" ind1=" " ind2=" ">
      <subfield code="a">computer</subfield>
      <subfield code="b">c</subfield>
      <subfield code="2">rdamedia</subfield>
    </datafield>
    <datafield tag="338" ind1=" " ind2=" ">
      <subfield code="a">online resource</subfield>
      <subfield code="b">cr</subfield>
      <subfield code="2">rdacarrier</subfield>
    </datafield>
    <datafield tag="347" ind1=" " ind2=" ">
      <subfield code="a">video file</subfield>
      <subfield code="2">rda</subfield>
    </datafield>
    <datafield tag="490" ind1="1" ind2=" ">
      <subfield code="a">The Big Idea</subfield>
    </datafield>
    <datafield tag="500" ind1=" " ind2=" ">
      <subfield code="a">Originally released by TVF International, 2017.</subfield>
    </datafield>
    <datafield tag="500" ind1=" " ind2=" ">
      <subfield code="a">Streaming video file encoded with permission for digital streaming by Infobase on June 14, 2018.</subfield>
    </datafield>
    <datafield tag="505" ind1="0" ind2="0">
      <subfield code="t">Bionic Boots (9:30); </subfield>
      <subfield code="t">Brain Enhancement (7:56); </subfield>
      <subfield code="t">Invisibility (4:15); </subfield>
      <subfield code="t">Credits: Becoming Superhuman (0:24); </subfield>
    </datafield>
    <datafield tag="506" ind1="1" ind2=" ">
      <subfield code="a">Access requires authentication through Films on Demand.</subfield>
    </datafield>
    <datafield tag="520" ind1=" " ind2=" ">
      <subfield code="a">In the UK, an acclaimed scientist has invented a device that will make people smarter. In the United States, a bartender&#x2019;s invention could make an average human run faster than Usain Bolt.</subfield>
    </datafield>
    <datafield tag="521" ind1="2" ind2=" ">
      <subfield code="a">9 - 12, Academic/AP</subfield>
    </datafield>
    <datafield tag="538" ind1=" " ind2=" ">
      <subfield code="a">Streaming video file.</subfield>
    </datafield>
    <datafield tag="538" ind1=" " ind2=" ">
      <subfield code="a">System requirements: FOD playback platform.</subfield>
    </datafield>
    <datafield tag="546" ind1=" " ind2=" ">
      <subfield code="a">Closed-captioned.</subfield>
    </datafield>
    <datafield tag="588" ind1=" " ind2=" ">
      <subfield code="a">Title from distributor's description</subfield>
    </datafield>
    <datafield tag="590" ind1=" " ind2=" ">
      <subfield code="a">Access is available to the Temple Community through use of a networked computer with a Temple IP address.</subfield>
    </datafield>
    <datafield tag="650" ind1=" " ind2="0">
      <subfield code="a">Design.</subfield>
    </datafield>
    <datafield tag="650" ind1=" " ind2="0">
      <subfield code="a">Design and technology.</subfield>
    </datafield>
    <datafield tag="650" ind1=" " ind2="0">
      <subfield code="a">Engineering.</subfield>
    </datafield>
    <datafield tag="650" ind1=" " ind2="0">
      <subfield code="a">Mechanics, Applied.</subfield>
    </datafield>
    <datafield tag="650" ind1=" " ind2="0">
      <subfield code="a">Technology.</subfield>
    </datafield>
    <datafield tag="655" ind1=" " ind2="7">
      <subfield code="a">Internet videos.</subfield>
      <subfield code="2">lcgft</subfield>
    </datafield>
    <datafield tag="655" ind1=" " ind2="0">
      <subfield code="a">Streaming video.</subfield>
    </datafield>
    <datafield tag="710" ind1="2" ind2=" ">
      <subfield code="a">Infobase,</subfield>
      <subfield code="e">film distributor.</subfield>
    </datafield>
    <datafield tag="710" ind1="2" ind2=" ">
      <subfield code="a">TVF International (Firm)</subfield>
    </datafield>
    <datafield tag="830" ind1=" " ind2="4">
      <subfield code="a">The Big Idea.</subfield>
    </datafield>
    <datafield tag="856" ind1="4" ind2="0">
      <subfield code="z">Part of the Films on Demand collection.</subfield>
      <subfield code="u">http://libproxy.temple.edu/login?url=https://fod.infobase.com/PortalPlaylists.aspx?wID=103640&amp;xtid=154363</subfield>
    </datafield>
    <datafield tag="856" ind1="4" ind2="2">
      <subfield code="z">Cover image</subfield>
      <subfield code="u">https://cdnsecakmi.kaltura.com/p/1067292/sp/106729200/thumbnail/entry_id/0_1wyahohq/version/100011/width/88</subfield>
    </datafield>
    <datafield tag="902" ind1=" " ind2=" ">
      <subfield code="a">Films on Demand (Record Refresh) 20200409</subfield>
    </datafield>
    <datafield tag="979" ind1=" " ind2=" ">
      <subfield code="a">1000154363</subfield>
    </datafield>
    <datafield tag="ADM" ind1=" " ind2=" ">
      <subfield code="b">2020-04-10 09:29:53</subfield>
      <subfield code="e">1000154363</subfield>
      <subfield code="d">OTHER</subfield>
      <subfield code="f">20189211294000.0</subfield>
      <subfield code="a">2020-04-10 03:11:04</subfield>
      <subfield code="c">false</subfield>
    </datafield>
    <datafield tag="PRT" ind1=" " ind2=" ">
      <subfield code="updated">2020-04-10 03:11:50</subfield>
      <subfield code="i">61371278300003811</subfield>
      <subfield code="c">Films on Demand Streaming Video</subfield>
      <subfield code="created">2020-04-10 03:11:39</subfield>
      <subfield code="j">62402467020003811</subfield>
      <subfield code="a">53512705920003811</subfield>
      <subfield code="b">https://sandbox01-na.alma.exlibrisgroup.com/view/uresolver/01TULI_INST/openurl?u.ignore_date_coverage=true&amp;rft.mms_id=991037491416703811</subfield>
      <subfield code="9">Available</subfield>
      <subfield code="8">53512705920003811</subfield>
    </datafield>
  </record>