
  <record>
    <leader>02830ngm a2200517Ic 4500</leader>
    <controlfield tag="005">2018112121233.0</controlfield>
    <controlfield tag="006">m     o  c        </controlfield>
    <controlfield tag="007">vz|czazuu</controlfield>
    <controlfield tag="007">cr cna</controlfield>
    <controlfield tag="008">181121p20182014nyu025        o   v|eng d</controlfield>
    <controlfield tag="001">991037491685403811</controlfield>
    <datafield tag="028" ind1="4" ind2="0">
      <subfield code="a">160986</subfield>
      <subfield code="b">Infobase</subfield>
    </datafield>
    <datafield tag="028" ind1="4" ind2="0">
      <subfield code="a">[160985]s</subfield>
      <subfield code="b">Infobase</subfield>
    </datafield>
    <datafield tag="035" ind1=" " ind2=" ">
      <subfield code="a">1000160986</subfield>
    </datafield>
    <datafield tag="035" ind1=" " ind2=" ">
      <subfield code="a">(OCoLC)1078565705</subfield>
    </datafield>
    <datafield tag="035" ind1=" " ind2=" ">
      <subfield code="a">(FOD)1000160986</subfield>
    </datafield>
    <datafield tag="040" ind1=" " ind2=" ">
      <subfield code="a">AzPhAEM</subfield>
      <subfield code="b">eng</subfield>
      <subfield code="e">rda</subfield>
    </datafield>
    <datafield tag="041" ind1="0" ind2=" ">
      <subfield code="a">eng</subfield>
      <subfield code="j">eng</subfield>
      <subfield code="h">eng</subfield>
    </datafield>
    <datafield tag="046" ind1=" " ind2=" ">
      <subfield code="k">2014</subfield>
    </datafield>
    <datafield tag="245" ind1="0" ind2="0">
      <subfield code="a">Becoming Modern /</subfield>
      <subfield code="c">ARTE France.</subfield>
    </datafield>
    <datafield tag="264" ind1=" " ind2="1">
      <subfield code="a">[Place of publication not identified] : </subfield>
      <subfield code="b">ARTE France, </subfield>
      <subfield code="c">[2014]</subfield>
    </datafield>
    <datafield tag="264" ind1="3" ind2="2">
      <subfield code="a">New York, N.Y. :</subfield>
      <subfield code="b">Distributed by Infobase, </subfield>
      <subfield code="c">2018.</subfield>
    </datafield>
    <datafield tag="264" ind1=" " ind2="4">
      <subfield code="c">&#xA9;2014</subfield>
    </datafield>
    <datafield tag="300" ind1=" " ind2=" ">
      <subfield code="a">1 online resource (1 video file (25 min., 24 sec)) :</subfield>
      <subfield code="b">sound, color.</subfield>
    </datafield>
    <datafield tag="336" ind1=" " ind2=" ">
      <subfield code="a">two-dimensional moving image</subfield>
      <subfield code="b">tdi</subfield>
      <subfield code="2">rdacontent</subfield>
    </datafield>
    <datafield tag="337" ind1=" " ind2=" ">
      <subfield code="a">computer</subfield>
      <subfield code="b">c</subfield>
      <subfield code="2">rdamedia</subfield>
    </datafield>
    <datafield tag="338" ind1=" " ind2=" ">
      <subfield code="a">online resource</subfield>
      <subfield code="b">cr</subfield>
      <subfield code="2">rdacarrier</subfield>
    </datafield>
    <datafield tag="347" ind1=" " ind2=" ">
      <subfield code="a">video file</subfield>
      <subfield code="2">rda</subfield>
    </datafield>
    <datafield tag="490" ind1="1" ind2=" ">
      <subfield code="a">Snapshots of India</subfield>
    </datafield>
    <datafield tag="500" ind1=" " ind2=" ">
      <subfield code="a">Originally released by ARTE France, 2014.</subfield>
    </datafield>
    <datafield tag="500" ind1=" " ind2=" ">
      <subfield code="a">Streaming video file encoded with permission for digital streaming by Infobase on August 28, 2018.</subfield>
    </datafield>
    <datafield tag="505" ind1="0" ind2="0">
      <subfield code="t">Embracing Modernity? (3:25); </subfield>
      <subfield code="t">Photographer: Saibal Das (6:29); </subfield>
      <subfield code="t">Photographer: Sameer Tawde (5:46); </subfield>
      <subfield code="t">New Delhi, India (3:58); </subfield>
      <subfield code="t">Environmental Concerns of Growth (4:02); </subfield>
      <subfield code="t">Credits: Becoming Modern (0:30); </subfield>
    </datafield>
    <datafield tag="506" ind1="1" ind2=" ">
      <subfield code="a">Access requires authentication through Films on Demand.</subfield>
    </datafield>
    <datafield tag="520" ind1=" " ind2=" ">
      <subfield code="a">Mumbai, Kolkata, New Delhi: Building cities to introduce modernity to the country was one of the wishes of India&#x2019;s first Prime Minister,Jawaharlal Nehru. All hailing from these metropolises that are emblematic of growth in India, the photographers Sameer Tawde, Saibal Das, and Ravi Agarwal guide us on a journey from the historical city centers to the distant suburbs. The film explores the sprawling world-city of Mumbai; the vestige of British rule that is Kolkata; and the city-within-a-city, New Delhi, which has swallowed up ancient Delhi. New Delhi illustrates the brutal rupture between the urban environment and nature, especially the great sacred rivers, places of worship for Hindus.</subfield>
    </datafield>
    <datafield tag="521" ind1="2" ind2=" ">
      <subfield code="a">9 - 12, Academic/AP</subfield>
    </datafield>
    <datafield tag="538" ind1=" " ind2=" ">
      <subfield code="a">Streaming video file.</subfield>
    </datafield>
    <datafield tag="538" ind1=" " ind2=" ">
      <subfield code="a">System requirements: FOD playback platform.</subfield>
    </datafield>
    <datafield tag="546" ind1=" " ind2=" ">
      <subfield code="a">Closed-captioned.</subfield>
    </datafield>
    <datafield tag="588" ind1=" " ind2=" ">
      <subfield code="a">Title from distributor's description</subfield>
    </datafield>
    <datafield tag="590" ind1=" " ind2=" ">
      <subfield code="a">Access is available to the Temple Community through use of a networked computer with a Temple IP address.</subfield>
    </datafield>
    <datafield tag="651" ind1=" " ind2="0">
      <subfield code="a">Asia.</subfield>
    </datafield>
    <datafield tag="655" ind1=" " ind2="7">
      <subfield code="a">Internet videos.</subfield>
      <subfield code="2">lcgft</subfield>
    </datafield>
    <datafield tag="655" ind1=" " ind2="0">
      <subfield code="a">Streaming video.</subfield>
    </datafield>
    <datafield tag="710" ind1="2" ind2=" ">
      <subfield code="a">Infobase,</subfield>
      <subfield code="e">film distributor.</subfield>
    </datafield>
    <datafield tag="710" ind1="2" ind2=" ">
      <subfield code="a">ARTE France (Firm)</subfield>
    </datafield>
    <datafield tag="830" ind1=" " ind2="0">
      <subfield code="a">Snapshots of India.</subfield>
    </datafield>
    <datafield tag="856" ind1="4" ind2="0">
      <subfield code="z">Part of the Films on Demand collection.</subfield>
      <subfield code="u">http://libproxy.temple.edu/login?url=https://fod.infobase.com/PortalPlaylists.aspx?wID=103640&amp;xtid=160986</subfield>
    </datafield>
    <datafield tag="856" ind1="4" ind2="2">
      <subfield code="z">Cover image</subfield>
      <subfield code="u">https://cdnsecakmi.kaltura.com/p/1067292/sp/106729200/thumbnail/entry_id/0_gso6cm5x/version/100031/width/88</subfield>
    </datafield>
    <datafield tag="902" ind1=" " ind2=" ">
      <subfield code="a">Films on Demand (Record Refresh) 20200409</subfield>
    </datafield>
    <datafield tag="979" ind1=" " ind2=" ">
      <subfield code="a">1000160986</subfield>
    </datafield>
    <datafield tag="ADM" ind1=" " ind2=" ">
      <subfield code="b">2020-04-10 08:22:11</subfield>
      <subfield code="e">1000160986</subfield>
      <subfield code="d">OTHER</subfield>
      <subfield code="f">20181121212330.0</subfield>
      <subfield code="a">2020-04-10 03:11:05</subfield>
      <subfield code="c">false</subfield>
    </datafield>
    <datafield tag="PRT" ind1=" " ind2=" ">
      <subfield code="updated">2020-04-10 03:11:48</subfield>
      <subfield code="i">61371278300003811</subfield>
      <subfield code="c">Films on Demand Streaming Video</subfield>
      <subfield code="created">2020-04-10 03:11:36</subfield>
      <subfield code="j">62402467020003811</subfield>
      <subfield code="a">53512718660003811</subfield>
      <subfield code="b">https://sandbox01-na.alma.exlibrisgroup.com/view/uresolver/01TULI_INST/openurl?u.ignore_date_coverage=true&amp;rft.mms_id=991037491685403811</subfield>
      <subfield code="9">Available</subfield>
      <subfield code="8">53512718660003811</subfield>
    </datafield>
  </record>