
  <record>
    <leader>03956ngm a2200577Ic 4500</leader>
    <controlfield tag="005">20187231672.0</controlfield>
    <controlfield tag="006">m     o  c        </controlfield>
    <controlfield tag="007">vz|czazuu</controlfield>
    <controlfield tag="007">cr cna</controlfield>
    <controlfield tag="008">180723p20152014nyu054        o   v|eng d</controlfield>
    <controlfield tag="001">991037487191203811</controlfield>
    <datafield tag="028" ind1="4" ind2="0">
      <subfield code="a">93445</subfield>
      <subfield code="b">Infobase</subfield>
    </datafield>
    <datafield tag="028" ind1="4" ind2="0">
      <subfield code="a">[93443]s</subfield>
      <subfield code="b">Infobase</subfield>
    </datafield>
    <datafield tag="035" ind1=" " ind2=" ">
      <subfield code="a">100093445</subfield>
    </datafield>
    <datafield tag="035" ind1=" " ind2=" ">
      <subfield code="a">(OCoLC)1021063321</subfield>
    </datafield>
    <datafield tag="035" ind1=" " ind2=" ">
      <subfield code="a">(FOD)100093445</subfield>
    </datafield>
    <datafield tag="040" ind1=" " ind2=" ">
      <subfield code="a">AzPhAEM</subfield>
      <subfield code="b">eng</subfield>
      <subfield code="e">rda</subfield>
    </datafield>
    <datafield tag="041" ind1="0" ind2=" ">
      <subfield code="a">eng</subfield>
      <subfield code="j">eng</subfield>
      <subfield code="h">eng</subfield>
    </datafield>
    <datafield tag="046" ind1=" " ind2=" ">
      <subfield code="k">2014</subfield>
    </datafield>
    <datafield tag="245" ind1="0" ind2="0">
      <subfield code="a">Becoming Americans  /</subfield>
      <subfield code="c">PBS.</subfield>
    </datafield>
    <datafield tag="264" ind1=" " ind2="1">
      <subfield code="a">[Place of publication not identified] : </subfield>
      <subfield code="b">PBS, </subfield>
      <subfield code="c">[2014]</subfield>
    </datafield>
    <datafield tag="264" ind1="3" ind2="2">
      <subfield code="a">New York, N.Y. :</subfield>
      <subfield code="b">Distributed by Infobase, </subfield>
      <subfield code="c">2015.</subfield>
    </datafield>
    <datafield tag="264" ind1=" " ind2="4">
      <subfield code="c">&#xA9;2014</subfield>
    </datafield>
    <datafield tag="300" ind1=" " ind2=" ">
      <subfield code="a">1 online resource (1 video file (54 min., 19 sec)) :</subfield>
      <subfield code="b">sound, color.</subfield>
    </datafield>
    <datafield tag="336" ind1=" " ind2=" ">
      <subfield code="a">two-dimensional moving image</subfield>
      <subfield code="b">tdi</subfield>
      <subfield code="2">rdacontent</subfield>
    </datafield>
    <datafield tag="337" ind1=" " ind2=" ">
      <subfield code="a">computer</subfield>
      <subfield code="b">c</subfield>
      <subfield code="2">rdamedia</subfield>
    </datafield>
    <datafield tag="338" ind1=" " ind2=" ">
      <subfield code="a">online resource</subfield>
      <subfield code="b">cr</subfield>
      <subfield code="2">rdacarrier</subfield>
    </datafield>
    <datafield tag="347" ind1=" " ind2=" ">
      <subfield code="a">video file</subfield>
      <subfield code="2">rda</subfield>
    </datafield>
    <datafield tag="490" ind1="1" ind2=" ">
      <subfield code="a">The Italian Americans</subfield>
    </datafield>
    <datafield tag="500" ind1=" " ind2=" ">
      <subfield code="a">Originally released by PBS, 2014.</subfield>
    </datafield>
    <datafield tag="500" ind1=" " ind2=" ">
      <subfield code="a">Streaming video file encoded with permission for digital streaming by Infobase on June 13, 2015.</subfield>
    </datafield>
    <datafield tag="505" ind1="0" ind2="0">
      <subfield code="t">Latin Lover (3:36); </subfield>
      <subfield code="t">Racial Profiling (2:44); </subfield>
      <subfield code="t">Pressure to Assimilate (2:18); </subfield>
      <subfield code="t">Stigmatizing Italian Cultural Practices (1:39); </subfield>
      <subfield code="t">Loyalty Conflict (2:28); </subfield>
      <subfield code="t">Labor Struggle (2:17); </subfield>
      <subfield code="t">Lawrence Textile Strike (2:54); </subfield>
      <subfield code="t">Sermon on the Common (2:31); </subfield>
      <subfield code="t">Labor Victory (3:47); </subfield>
      <subfield code="t">Italian-American Religious Practices (3:57); </subfield>
      <subfield code="t">Religious Discrimination (3:21); </subfield>
      <subfield code="t">Anarchist Movement (2:28); </subfield>
      <subfield code="t">Anarchist Bombings (2:35); </subfield>
      <subfield code="t">Sacco-Vanzetti Case (1:45); </subfield>
      <subfield code="t">Sacco-Vanzetti Trial (2:32); </subfield>
      <subfield code="t">Racial Oppression  (3:19); </subfield>
      <subfield code="t">Prohibition (2:10); </subfield>
      <subfield code="t">Frank Costello (3:07); </subfield>
      <subfield code="t">Italian-American Mafia (2:53); </subfield>
      <subfield code="t">Credits: Becoming Americans (1:50); </subfield>
      <subfield code="t">Sacco-Vanzetti Case (1:41); </subfield>
      <subfield code="t">Sacco-Vanzetti Trial  (2:30); </subfield>
      <subfield code="t">Anarchism in the US and the Sacco-Vanzetti Case (12:41); </subfield>
      <subfield code="t">Sacco and Vanzetti; racial oppression (12:41); </subfield>
      <subfield code="t">Italian Americans' Pressure to Assimilate (8:31); </subfield>
      <subfield code="t">Crackdown on Italian Anarchists (12:41); </subfield>
      <subfield code="t">Sacco and Vanzetti (31:34); </subfield>
      <subfield code="t">Sacco and Vanzetti (12:46); </subfield>
      <subfield code="t">Prohibition and the Mafia (8:11); </subfield>
    </datafield>
    <datafield tag="506" ind1="1" ind2=" ">
      <subfield code="a">Access requires authentication through Films on Demand.</subfield>
    </datafield>
    <datafield tag="520" ind1=" " ind2=" ">
      <subfield code="a">Written and produced by John Maggio and narrated by Academy Award-nominated actor Stanley Tucci, &#x201C;The Italian Americans&#x201D; explores the evolution of the Italian community, from &#x201C;outsiders&#x201D; in the late nineteenth viewed with suspicion and mistrust to some of the most prominent leaders of business, politics and the arts today. This film explores racial discrimination faced by immigrants from 1900 to 1930. In public schools, children were taught to reject their Italian identity to assimilate to American culture. Arturo Giovannitti led the largest labor strike of 1912, winning better working conditions and wages. When Italian Americans were marginalized by the Irish Archdiocese, they took to the streets to reinforce their beliefs and culture. Anarchists Sacco and Vanzetti&#x2019;s execution reinforced negative stereotypes, while Prohibition bred a new kind of organized criminal. Distributed by PBS distribution.</subfield>
    </datafield>
    <datafield tag="521" ind1="2" ind2=" ">
      <subfield code="a">9 - 12</subfield>
    </datafield>
    <datafield tag="538" ind1=" " ind2=" ">
      <subfield code="a">Streaming video file.</subfield>
    </datafield>
    <datafield tag="538" ind1=" " ind2=" ">
      <subfield code="a">System requirements: FOD playback platform.</subfield>
    </datafield>
    <datafield tag="546" ind1=" " ind2=" ">
      <subfield code="a">Closed-captioned.</subfield>
    </datafield>
    <datafield tag="588" ind1=" " ind2=" ">
      <subfield code="a">Title from distributor's description</subfield>
    </datafield>
    <datafield tag="590" ind1=" " ind2=" ">
      <subfield code="a">Access is available to the Temple Community through use of a networked computer with a Temple IP address.</subfield>
    </datafield>
    <datafield tag="650" ind1=" " ind2="0">
      <subfield code="a">Nineteen twenties.</subfield>
    </datafield>
    <datafield tag="650" ind1=" " ind2="0">
      <subfield code="a">World War, 1914-1918.</subfield>
    </datafield>
    <datafield tag="650" ind1=" " ind2="0">
      <subfield code="a">Depressions</subfield>
      <subfield code="y">1929.</subfield>
    </datafield>
    <datafield tag="650" ind1=" " ind2="0">
      <subfield code="a">Ethnicity.</subfield>
    </datafield>
    <datafield tag="650" ind1=" " ind2="0">
      <subfield code="a">Equality.</subfield>
    </datafield>
    <datafield tag="650" ind1=" " ind2="0">
      <subfield code="a">Racism.</subfield>
    </datafield>
    <datafield tag="655" ind1=" " ind2="7">
      <subfield code="a">Internet videos.</subfield>
      <subfield code="2">lcgft</subfield>
    </datafield>
    <datafield tag="655" ind1=" " ind2="0">
      <subfield code="a">Streaming video.</subfield>
    </datafield>
    <datafield tag="710" ind1="2" ind2=" ">
      <subfield code="a">Infobase,</subfield>
      <subfield code="e">film distributor.</subfield>
    </datafield>
    <datafield tag="710" ind1="2" ind2=" ">
      <subfield code="a">PBS (Firm)</subfield>
    </datafield>
    <datafield tag="830" ind1=" " ind2="4">
      <subfield code="a">The Italian Americans.</subfield>
    </datafield>
    <datafield tag="856" ind1="4" ind2="0">
      <subfield code="z">Part of the Films on Demand collection.</subfield>
      <subfield code="u">http://libproxy.temple.edu/login?url=https://fod.infobase.com/PortalPlaylists.aspx?wID=103640&amp;xtid=93445</subfield>
    </datafield>
    <datafield tag="856" ind1="4" ind2="2">
      <subfield code="z">Cover image</subfield>
      <subfield code="u">https://cdnsecakmi.kaltura.com/p/1067292/sp/106729200/thumbnail/entry_id/0_rjahht0d/version/100001/acv/151/width/88</subfield>
    </datafield>
    <datafield tag="902" ind1=" " ind2=" ">
      <subfield code="a">Films on Demand (Record Refresh) 20200409</subfield>
    </datafield>
    <datafield tag="979" ind1=" " ind2=" ">
      <subfield code="a">100093445</subfield>
    </datafield>
    <datafield tag="ADM" ind1=" " ind2=" ">
      <subfield code="b">2020-05-09 10:36:23</subfield>
      <subfield code="e">100093445</subfield>
      <subfield code="d">OTHER</subfield>
      <subfield code="f">20187231672000.0</subfield>
      <subfield code="a">2020-04-10 02:28:45</subfield>
      <subfield code="c">false</subfield>
    </datafield>
    <datafield tag="PRT" ind1=" " ind2=" ">
      <subfield code="updated">2020-04-10 02:29:09</subfield>
      <subfield code="i">61371278300003811</subfield>
      <subfield code="c">Films on Demand Streaming Video</subfield>
      <subfield code="created">2020-04-10 02:29:03</subfield>
      <subfield code="j">62402467020003811</subfield>
      <subfield code="a">53510977620003811</subfield>
      <subfield code="b">https://sandbox01-na.alma.exlibrisgroup.com/view/uresolver/01TULI_INST/openurl?u.ignore_date_coverage=true&amp;rft.mms_id=991037487191203811</subfield>
      <subfield code="9">Available</subfield>
      <subfield code="8">53510977620003811</subfield>
    </datafield>
  </record>