
  <record>
    <leader>02540ngm a2200493Ia 4500</leader>
    <controlfield tag="005">20120926151047.0</controlfield>
    <controlfield tag="006">m||||||||c||||||||</controlfield>
    <controlfield tag="007">cr|cnannnuuuuu</controlfield>
    <controlfield tag="007">vz|czazuu</controlfield>
    <controlfield tag="008">111016s2002||||nyu030||||||||o|||vleng|d</controlfield>
    <controlfield tag="001">991037491048903811</controlfield>
    <datafield tag="028" ind1="4" ind2="0">
      <subfield code="a">44246s</subfield>
      <subfield code="b">Infobase</subfield>
    </datafield>
    <datafield tag="028" ind1="4" ind2="0">
      <subfield code="a">44262</subfield>
      <subfield code="b">Infobase</subfield>
    </datafield>
    <datafield tag="035" ind1=" " ind2=" ">
      <subfield code="a">100044262</subfield>
    </datafield>
    <datafield tag="035" ind1=" " ind2=" ">
      <subfield code="a">(OCoLC)764415577</subfield>
    </datafield>
    <datafield tag="035" ind1=" " ind2=" ">
      <subfield code="a">(FOD)100044262</subfield>
    </datafield>
    <datafield tag="040" ind1=" " ind2=" ">
      <subfield code="a">AzPhAEM</subfield>
    </datafield>
    <datafield tag="245" ind1="0" ind2="0">
      <subfield code="a">Becoming Free</subfield>
      <subfield code="h">[electronic resource (video)] /</subfield>
      <subfield code="c">Public Broadcasting Service (U.S.)</subfield>
    </datafield>
    <datafield tag="260" ind1="3" ind2=" ">
      <subfield code="a">New York, N.Y. :</subfield>
      <subfield code="b"> Infobase,</subfield>
      <subfield code="c">[2011], c2002.</subfield>
    </datafield>
    <datafield tag="300" ind1=" " ind2=" ">
      <subfield code="a">1 streaming video file (30 min.) :</subfield>
      <subfield code="b">sd., col., digital file.</subfield>
    </datafield>
    <datafield tag="490" ind1="0" ind2=" ">
      <subfield code="a">Freedom: A History of US </subfield>
    </datafield>
    <datafield tag="500" ind1=" " ind2=" ">
      <subfield code="a">Encoded with permission for digital streaming by Infobase on August 21, 2011.</subfield>
    </datafield>
    <datafield tag="500" ind1=" " ind2=" ">
      <subfield code="a">Films on Demand is distributed by Infobase for Films for the Humanities &amp; Sciences, Cambridge Educational, Meridian Education, and Shopware.</subfield>
    </datafield>
    <datafield tag="505" ind1="0" ind2=" ">
      <subfield code="a">Eternal Vigilance (6:58) -- America Held Hostage (5:36) -- An Invisible War (3:45) -- Catastrophe (4:02) -- The Land That Has Never Been Yet (2:43) -- Preview and Credits: Becoming Free (1:33)</subfield>
    </datafield>
    <datafield tag="506" ind1=" " ind2=" ">
      <subfield code="a">Access requires authentication through Films on Demand.</subfield>
    </datafield>
    <datafield tag="520" ind1=" " ind2=" ">
      <subfield code="a">America continues to make tremendous strides through the prosperity of the 1980s, 1990s, and into the new millennium. The nation's mettle is severely tested by the tragedy of September 11, 2001, but the people of the United States rally together. New York City comes to stand as a symbol of American diversity.</subfield>
    </datafield>
    <datafield tag="521" ind1="2" ind2=" ">
      <subfield code="a">12 &amp; up.</subfield>
    </datafield>
    <datafield tag="538" ind1=" " ind2=" ">
      <subfield code="a">Mode of access: Internet.</subfield>
    </datafield>
    <datafield tag="538" ind1=" " ind2=" ">
      <subfield code="a">System requirements: FOD playback platform.</subfield>
    </datafield>
    <datafield tag="588" ind1=" " ind2=" ">
      <subfield code="a">Title from distributor's description.</subfield>
    </datafield>
    <datafield tag="590" ind1=" " ind2=" ">
      <subfield code="a">Access is available to the Temple Community through use of a networked computer with a Temple IP address.</subfield>
    </datafield>
    <datafield tag="650" ind1=" " ind2="0">
      <subfield code="a">Civil rights</subfield>
      <subfield code="z">United States.</subfield>
    </datafield>
    <datafield tag="650" ind1=" " ind2="0">
      <subfield code="a">Liberty.</subfield>
    </datafield>
    <datafield tag="650" ind1=" " ind2="0">
      <subfield code="a">Political activists</subfield>
      <subfield code="z">United States</subfield>
      <subfield code="x">History</subfield>
      <subfield code="y">20th century.</subfield>
    </datafield>
    <datafield tag="651" ind1=" " ind2="0">
      <subfield code="a">United States</subfield>
      <subfield code="x">History</subfield>
      <subfield code="y">1961-1969.</subfield>
    </datafield>
    <datafield tag="651" ind1=" " ind2="0">
      <subfield code="a">United States</subfield>
      <subfield code="x">History</subfield>
      <subfield code="y">1973.</subfield>
    </datafield>
    <datafield tag="655" ind1=" " ind2="0">
      <subfield code="a">Educational films.</subfield>
    </datafield>
    <datafield tag="655" ind1=" " ind2="0">
      <subfield code="a">Internet videos.</subfield>
    </datafield>
    <datafield tag="655" ind1=" " ind2="7">
      <subfield code="a">Video recording.</subfield>
      <subfield code="2">local</subfield>
    </datafield>
    <datafield tag="655" ind1=" " ind2="0">
      <subfield code="a">Streaming video.</subfield>
    </datafield>
    <datafield tag="710" ind1="2" ind2=" ">
      <subfield code="a">Films for the Humanities &amp; Sciences (Firm)</subfield>
    </datafield>
    <datafield tag="710" ind1="2" ind2=" ">
      <subfield code="a">Infobase.</subfield>
    </datafield>
    <datafield tag="710" ind1="2" ind2=" ">
      <subfield code="a">Public Broadcasting Service (U.S.)</subfield>
    </datafield>
    <datafield tag="730" ind1="0" ind2=" ">
      <subfield code="a">Freedom, a history of US (Television program)</subfield>
    </datafield>
    <datafield tag="856" ind1="4" ind2="0">
      <subfield code="z">Part of the Films on Demand collection.</subfield>
      <subfield code="u">http://libproxy.temple.edu/login?url=https://fod.infobase.com/PortalPlaylists.aspx?wID=103640&amp;xtid=44262</subfield>
    </datafield>
    <datafield tag="856" ind1="4" ind2="2">
      <subfield code="z">Cover image</subfield>
      <subfield code="u">https://cdnsecakmi.kaltura.com/p/1067292/sp/106729200/thumbnail/entry_id/0_trdnr5ho/version/100001/width/88</subfield>
    </datafield>
    <datafield tag="902" ind1=" " ind2=" ">
      <subfield code="a">Films on Demand (Record Refresh) 20200409</subfield>
    </datafield>
    <datafield tag="979" ind1=" " ind2=" ">
      <subfield code="a">100044262</subfield>
    </datafield>
    <datafield tag="ADM" ind1=" " ind2=" ">
      <subfield code="b">2020-06-23 18:47:31</subfield>
      <subfield code="e">100044262</subfield>
      <subfield code="d">OTHER</subfield>
      <subfield code="f">20120926151047.0</subfield>
      <subfield code="a">2020-04-10 03:08:47</subfield>
      <subfield code="c">false</subfield>
    </datafield>
    <datafield tag="PRT" ind1=" " ind2=" ">
      <subfield code="updated">2020-04-10 03:10:23</subfield>
      <subfield code="i">61371278300003811</subfield>
      <subfield code="c">Films on Demand Streaming Video</subfield>
      <subfield code="created">2020-04-10 03:10:04</subfield>
      <subfield code="j">62402467020003811</subfield>
      <subfield code="a">53512534540003811</subfield>
      <subfield code="b">https://sandbox01-na.alma.exlibrisgroup.com/view/uresolver/01TULI_INST/openurl?u.ignore_date_coverage=true&amp;rft.mms_id=991037491048903811</subfield>
      <subfield code="9">Available</subfield>
      <subfield code="8">53512534540003811</subfield>
    </datafield>
  </record>