
  <record>
    <leader>01032nam a2200277Ia 4500</leader>
    <controlfield tag="001">991036734199203811</controlfield>
    <controlfield tag="005">20170919010837.0</controlfield>
    <controlfield tag="006">m     o  d |      </controlfield>
    <controlfield tag="007">cr -n---------</controlfield>
    <controlfield tag="008">110709s2011    nyua    ob    001 0 eng d</controlfield>
    <datafield tag="020" ind1=" " ind2=" ">
      <subfield code="a">1-283-68892-1</subfield>
    </datafield>
    <datafield tag="020" ind1=" " ind2=" ">
      <subfield code="a">0-7612-1536-0</subfield>
    </datafield>
    <datafield tag="035" ind1=" " ind2=" ">
      <subfield code="a">(CKB)3400000000021296</subfield>
    </datafield>
    <datafield tag="035" ind1=" " ind2=" ">
      <subfield code="a">(EBL)1043638</subfield>
    </datafield>
    <datafield tag="035" ind1=" " ind2=" ">
      <subfield code="a">(SSID)ssj0000913177</subfield>
    </datafield>
    <datafield tag="035" ind1=" " ind2=" ">
      <subfield code="a">(PQKBManifestationID)11958030</subfield>
    </datafield>
    <datafield tag="035" ind1=" " ind2=" ">
      <subfield code="a">(PQKBTitleCode)TC0000913177</subfield>
    </datafield>
    <datafield tag="035" ind1=" " ind2=" ">
      <subfield code="a">(PQKBWorkID)11012420</subfield>
    </datafield>
    <datafield tag="035" ind1=" " ind2=" ">
      <subfield code="a">(PQKB)10967002</subfield>
    </datafield>
    <datafield tag="035" ind1=" " ind2=" ">
      <subfield code="a">(MiAaPQ)EBC1043638</subfield>
    </datafield>
    <datafield tag="035" ind1=" " ind2=" ">
      <subfield code="a">(EXLCZ)993400000000021296</subfield>
    </datafield>
    <datafield tag="040" ind1=" " ind2=" ">
      <subfield code="a">MiAaPQ</subfield>
      <subfield code="c">MiAaPQ</subfield>
      <subfield code="d">MiAaPQ</subfield>
    </datafield>
    <datafield tag="041" ind1=" " ind2=" ">
      <subfield code="a">eng</subfield>
    </datafield>
    <datafield tag="050" ind1=" " ind2="4">
      <subfield code="a">HD30.4</subfield>
      <subfield code="b">.M35 2011</subfield>
    </datafield>
    <datafield tag="090" ind1=" " ind2=" ">
      <subfield code="a">HD30.4</subfield>
      <subfield code="b">.M35 2011</subfield>
    </datafield>
    <datafield tag="100" ind1="1" ind2=" ">
      <subfield code="a">McIntosh, Perry.</subfield>
    </datafield>
    <datafield tag="245" ind1="1" ind2="0">
      <subfield code="a">Becoming a manager</subfield>
      <subfield code="h">[electronic resource] /</subfield>
      <subfield code="c">Perry McIntosh, Richard Luecke.</subfield>
    </datafield>
    <datafield tag="260" ind1=" " ind2=" ">
      <subfield code="a">[Saranac Lake, N.Y.] :</subfield>
      <subfield code="b">American Management Association,</subfield>
      <subfield code="c">c2011.</subfield>
    </datafield>
    <datafield tag="300" ind1=" " ind2=" ">
      <subfield code="a">1 online resource (213 p.)</subfield>
    </datafield>
    <datafield tag="336" ind1=" " ind2=" ">
      <subfield code="a">text</subfield>
      <subfield code="b">txt</subfield>
    </datafield>
    <datafield tag="337" ind1=" " ind2=" ">
      <subfield code="a">computer</subfield>
      <subfield code="b">c</subfield>
    </datafield>
    <datafield tag="338" ind1=" " ind2=" ">
      <subfield code="a">online resource</subfield>
      <subfield code="b">cr</subfield>
    </datafield>
    <datafield tag="500" ind1=" " ind2=" ">
      <subfield code="a">Description based upon print version of record.</subfield>
    </datafield>
    <datafield tag="520" ind1=" " ind2=" ">
      <subfield code="a">The role of the new manager demands a new mindset, new activities, and new relationships with people throughout the organization. Becoming a Manager guides the first-time manager through these and other challenges. Part One, Making the Transition, explores how to make the critical shift from individual contributor to manager; what it takes to build a successful partnership with your boss; and the key elements of managing time, which is every manager's scarcest commodity. Part Two, Developing Your Management Skills, examines how to use influence and persuasion to manage without formal authority</subfield>
    </datafield>
    <datafield tag="546" ind1=" " ind2=" ">
      <subfield code="a">English</subfield>
    </datafield>
    <datafield tag="504" ind1=" " ind2=" ">
      <subfield code="a">Includes bibliographical references and index.</subfield>
    </datafield>
    <datafield tag="650" ind1=" " ind2="0">
      <subfield code="a">Executives</subfield>
      <subfield code="x">Training of.</subfield>
    </datafield>
    <datafield tag="650" ind1=" " ind2="0">
      <subfield code="a">Leadership</subfield>
      <subfield code="x">Study and teaching.</subfield>
    </datafield>
    <datafield tag="650" ind1=" " ind2="0">
      <subfield code="a">Management</subfield>
      <subfield code="x">Study and teaching.</subfield>
    </datafield>
    <datafield tag="655" ind1=" " ind2="4">
      <subfield code="a">Electronic books.</subfield>
    </datafield>
    <datafield tag="710" ind1="2" ind2=" ">
      <subfield code="a">American Management Association.</subfield>
    </datafield>
    <datafield tag="700" ind1="1" ind2=" ">
      <subfield code="a">Luecke, Richard.</subfield>
    </datafield>
    <datafield tag="776" ind1=" " ind2=" ">
      <subfield code="z">0-7612-1481-X</subfield>
    </datafield>
    <datafield tag="906" ind1=" " ind2=" ">
      <subfield code="a">BOOK</subfield>
    </datafield>
    <datafield tag="ADM" ind1=" " ind2=" ">
      <subfield code="b">2020-08-10 02:57:01</subfield>
      <subfield code="e">993400000000021296</subfield>
      <subfield code="d">NON_SFX</subfield>
      <subfield code="f">20160817082139.0</subfield>
      <subfield code="a">2012-02-25 21:58:23</subfield>
      <subfield code="c">false</subfield>
    </datafield>
    <datafield tag="PRT" ind1=" " ind2=" ">
      <subfield code="updated">2017-12-18 19:27:16</subfield>
      <subfield code="i">61404537130003811</subfield>
      <subfield code="e">EBSCOhost</subfield>
      <subfield code="c">eBook Business Collection</subfield>
      <subfield code="created">2017-12-18 19:26:44</subfield>
      <subfield code="j">62404537120003811</subfield>
      <subfield code="a">53405794470003811</subfield>
      <subfield code="b">https://sandbox01-na.alma.exlibrisgroup.com/view/uresolver/01TULI_INST/openurl?u.ignore_date_coverage=true&amp;rft.mms_id=991036734199203811</subfield>
      <subfield code="9">Available</subfield>
      <subfield code="h">613790000000001579</subfield>
      <subfield code="8">53405794470003811</subfield>
    </datafield>
    <datafield tag="PRT" ind1=" " ind2=" ">
      <subfield code="updated">2017-07-08 14:19:21</subfield>
      <subfield code="i">61395691750003811</subfield>
      <subfield code="e">EBSCOhost</subfield>
      <subfield code="c">EBSCOhost eBook Community College Collection</subfield>
      <subfield code="created">2017-07-08 14:18:47</subfield>
      <subfield code="j">62395691740003811</subfield>
      <subfield code="a">53395987860003811</subfield>
      <subfield code="b">https://sandbox01-na.alma.exlibrisgroup.com/view/uresolver/01TULI_INST/openurl?u.ignore_date_coverage=true&amp;rft.mms_id=991036734199203811</subfield>
      <subfield code="9">Available</subfield>
      <subfield code="h">613860000000000003</subfield>
      <subfield code="8">53395987860003811</subfield>
    </datafield>
    <datafield tag="PRT" ind1=" " ind2=" ">
      <subfield code="updated">2019-05-08 15:05:07</subfield>
      <subfield code="i">61465644850003811</subfield>
      <subfield code="e">O'Reilly Media, Inc</subfield>
      <subfield code="c">O&#x2019;Reilly for Higher Education</subfield>
      <subfield code="created">2019-05-08 15:04:06</subfield>
      <subfield code="j">62465644840003811</subfield>
      <subfield code="a">53465906540003811</subfield>
      <subfield code="b">https://sandbox01-na.alma.exlibrisgroup.com/view/uresolver/01TULI_INST/openurl?u.ignore_date_coverage=true&amp;rft.mms_id=991036734199203811</subfield>
      <subfield code="9">Available</subfield>
      <subfield code="h">614900000000000007</subfield>
      <subfield code="8">53465906540003811</subfield>
    </datafield>
    <datafield tag="PRT" ind1=" " ind2=" ">
      <subfield code="updated">2019-04-29 18:13:24</subfield>
      <subfield code="i">61462386960003811</subfield>
      <subfield code="e">EBSCOhost</subfield>
      <subfield code="c">EBSCOhost Ebook Public Library Collection - North America</subfield>
      <subfield code="created">2019-04-29 18:12:14</subfield>
      <subfield code="j">62462386950003811</subfield>
      <subfield code="a">53462911410003811</subfield>
      <subfield code="b">https://sandbox01-na.alma.exlibrisgroup.com/view/uresolver/01TULI_INST/openurl?u.ignore_date_coverage=true&amp;rft.mms_id=991036734199203811</subfield>
      <subfield code="9">Available</subfield>
      <subfield code="h">614900000000000308</subfield>
      <subfield code="8">53462911410003811</subfield>
    </datafield>
  </record>