
  <record>
    <leader>02181ngm a22004813i 4500</leader>
    <controlfield tag="005">20200504114357.0</controlfield>
    <controlfield tag="006">m|||||o||c||||||||</controlfield>
    <controlfield tag="007">cr |n||||||||a</controlfield>
    <controlfield tag="007">vz |za|z|</controlfield>
    <controlfield tag="008">200504s2019    cau083 e     |o   vleng d</controlfield>
    <controlfield tag="001">991037722647503811</controlfield>
    <datafield tag="024" ind1="8" ind2=" ">
      <subfield code="a">ASP4748867/marc</subfield>
    </datafield>
    <datafield tag="035" ind1=" " ind2=" ">
      <subfield code="a">(OCoLC)1158200272</subfield>
    </datafield>
    <datafield tag="035" ind1=" " ind2=" ">
      <subfield code="a">(VaAlASP)ASP4748867/marc</subfield>
    </datafield>
    <datafield tag="035" ind1=" " ind2=" ">
      <subfield code="a">(VaAlASP)99262089800971</subfield>
    </datafield>
    <datafield tag="040" ind1=" " ind2=" ">
      <subfield code="a">VaAlASP</subfield>
      <subfield code="b">eng</subfield>
      <subfield code="e">rda</subfield>
      <subfield code="c">VaAlASP</subfield>
    </datafield>
    <datafield tag="245" ind1="0" ind2="0">
      <subfield code="a">Becoming nobody /</subfield>
      <subfield code="c">produced and directed by Jamie Catto ; produced by Raghu Markus ; produced and edited by Zachary Bennett, Karen Nourse.</subfield>
    </datafield>
    <datafield tag="264" ind1=" " ind2="1">
      <subfield code="a">Sausalito, CA :</subfield>
      <subfield code="b">Ro*Co Films,</subfield>
      <subfield code="c">2019.</subfield>
    </datafield>
    <datafield tag="300" ind1=" " ind2=" ">
      <subfield code="a">1 online resource (83 minutes)</subfield>
    </datafield>
    <datafield tag="306" ind1=" " ind2=" ">
      <subfield code="a">012209</subfield>
    </datafield>
    <datafield tag="336" ind1=" " ind2=" ">
      <subfield code="a">two-dimensional moving image</subfield>
      <subfield code="b">tdi</subfield>
      <subfield code="2">rdacontent</subfield>
    </datafield>
    <datafield tag="337" ind1=" " ind2=" ">
      <subfield code="a">computer</subfield>
      <subfield code="b">c</subfield>
      <subfield code="2">rdamedia</subfield>
    </datafield>
    <datafield tag="337" ind1=" " ind2=" ">
      <subfield code="a">video</subfield>
      <subfield code="b">v</subfield>
      <subfield code="2">rdamedia</subfield>
    </datafield>
    <datafield tag="338" ind1=" " ind2=" ">
      <subfield code="a">online resource</subfield>
      <subfield code="b">cr</subfield>
      <subfield code="2">rdacarrier</subfield>
    </datafield>
    <datafield tag="347" ind1=" " ind2=" ">
      <subfield code="a">video file</subfield>
      <subfield code="2">rda</subfield>
    </datafield>
    <datafield tag="500" ind1=" " ind2=" ">
      <subfield code="a">Title from resource description page (viewed May 04, 2020).</subfield>
    </datafield>
    <datafield tag="520" ind1=" " ind2=" ">
      <subfield code="a">Becoming Nobody&#xA0;is the quintessential portal to Ram Dass' life and teachings. His ability to entertain and his sense of humor are abundantly evident in a conversation that brings us around to address the vast question of ultimate freedom. Becoming Nobody represents the core arc of Ram Dass' teachings and life: whether as Dr. Richard Alpert, the eminent Harvard psychologist, or as Ram Dass who serves as a bridge between Eastern and Western philosophies, he has defined a generation of inner explorers and seekers of truth and wisdom.</subfield>
    </datafield>
    <datafield tag="546" ind1=" " ind2=" ">
      <subfield code="a">In English.</subfield>
    </datafield>
    <datafield tag="590" ind1=" " ind2=" ">
      <subfield code="a">Access is available to the Temple Community through use of a networked computer with a Temple IP address.</subfield>
    </datafield>
    <datafield tag="600" ind1="0" ind2="0">
      <subfield code="a">Ram Dass.</subfield>
    </datafield>
    <datafield tag="650" ind1=" " ind2="0">
      <subfield code="a">Psychologists</subfield>
      <subfield code="z">United States</subfield>
      <subfield code="v">Biography.</subfield>
    </datafield>
    <datafield tag="650" ind1=" " ind2="0">
      <subfield code="a">Spiritual life.</subfield>
    </datafield>
    <datafield tag="655" ind1=" " ind2="7">
      <subfield code="a">Documentary films.</subfield>
      <subfield code="2">lcgft</subfield>
    </datafield>
    <datafield tag="655" ind1=" " ind2="7">
      <subfield code="a">Biographical films.</subfield>
      <subfield code="2">lcgft</subfield>
    </datafield>
    <datafield tag="700" ind1="1" ind2=" ">
      <subfield code="a">Catto, Jamie,</subfield>
      <subfield code="e">director,</subfield>
      <subfield code="e">producer.</subfield>
    </datafield>
    <datafield tag="700" ind1="1" ind2=" ">
      <subfield code="a">Markus, Raghu,</subfield>
      <subfield code="e">producer.</subfield>
    </datafield>
    <datafield tag="700" ind1="1" ind2=" ">
      <subfield code="a">Bennett, Zachary,</subfield>
      <subfield code="e">producer.</subfield>
    </datafield>
    <datafield tag="700" ind1="1" ind2=" ">
      <subfield code="a">Nourse, Karen,</subfield>
      <subfield code="e">producer.</subfield>
    </datafield>
    <datafield tag="856" ind1="4" ind2="0">
      <subfield code="u">http://www.aspresolver.com/aspresolver.asp?MARC;4748867</subfield>
    </datafield>
    <datafield tag="902" ind1=" " ind2=" ">
      <subfield code="a">ASP: Academic Video Online 20200903</subfield>
    </datafield>
    <datafield tag="979" ind1=" " ind2=" ">
      <subfield code="a">99262089800971</subfield>
    </datafield>
    <datafield tag="ADM" ind1=" " ind2=" ">
      <subfield code="b">2020-09-04 09:47:57</subfield>
      <subfield code="e">99262089800971</subfield>
      <subfield code="d">ASP</subfield>
      <subfield code="f">20200504114357.0</subfield>
      <subfield code="a">2020-09-03 23:11:24</subfield>
      <subfield code="c">false</subfield>
    </datafield>
    <datafield tag="PRT" ind1=" " ind2=" ">
      <subfield code="updated">2020-09-03 23:12:00</subfield>
      <subfield code="i">61431637620003811</subfield>
      <subfield code="c">Academic Video Online</subfield>
      <subfield code="created">2020-09-03 23:11:56</subfield>
      <subfield code="j">62431637610003811</subfield>
      <subfield code="a">53533110020003811</subfield>
      <subfield code="b">https://sandbox01-na.alma.exlibrisgroup.com/view/uresolver/01TULI_INST/openurl?u.ignore_date_coverage=true&amp;rft.mms_id=991037722647503811</subfield>
      <subfield code="9">Available</subfield>
      <subfield code="8">53533110020003811</subfield>
    </datafield>
  </record>