
  <record>
    <leader>02760cam a2200625Ii 4500</leader>
    <controlfield tag="005">20200228045105.8</controlfield>
    <controlfield tag="006">m     o  d        </controlfield>
    <controlfield tag="007">cr |n||||||a|a</controlfield>
    <controlfield tag="008">141110s2015    enka   fob    001 0 eng d</controlfield>
    <controlfield tag="001">991037385138003811</controlfield>
    <datafield tag="016" ind1="7" ind2=" ">
      <subfield code="a">016963798</subfield>
      <subfield code="2">Uk</subfield>
    </datafield>
    <datafield tag="019" ind1=" " ind2=" ">
      <subfield code="a">953455961</subfield>
      <subfield code="a">1066566511</subfield>
    </datafield>
    <datafield tag="020" ind1=" " ind2=" ">
      <subfield code="a">9780191781674</subfield>
      <subfield code="q">(electronic bk.)</subfield>
    </datafield>
    <datafield tag="020" ind1=" " ind2=" ">
      <subfield code="a">0191781673</subfield>
      <subfield code="q">(electronic bk.)</subfield>
    </datafield>
    <datafield tag="020" ind1=" " ind2=" ">
      <subfield code="a">9780191022241</subfield>
      <subfield code="q">(electronic bk.)</subfield>
    </datafield>
    <datafield tag="020" ind1=" " ind2=" ">
      <subfield code="a">0191022241</subfield>
      <subfield code="q">(electronic bk.)</subfield>
    </datafield>
    <datafield tag="020" ind1=" " ind2=" ">
      <subfield code="z">9780198713272</subfield>
      <subfield code="q">(print)</subfield>
    </datafield>
    <datafield tag="020" ind1=" " ind2=" ">
      <subfield code="z">9780198776697</subfield>
      <subfield code="q">(pbk.)</subfield>
    </datafield>
    <datafield tag="020" ind1=" " ind2=" ">
      <subfield code="z">0198713274</subfield>
    </datafield>
    <datafield tag="035" ind1=" " ind2=" ">
      <subfield code="a">(OCoLC)905691091</subfield>
      <subfield code="z">(OCoLC)953455961</subfield>
      <subfield code="z">(OCoLC)1066566511</subfield>
    </datafield>
    <datafield tag="035" ind1=" " ind2=" ">
      <subfield code="a">(OCoLC)ocn905691091</subfield>
    </datafield>
    <datafield tag="040" ind1=" " ind2=" ">
      <subfield code="a">CNCGM</subfield>
      <subfield code="b">eng</subfield>
      <subfield code="e">rda</subfield>
      <subfield code="e">pn</subfield>
      <subfield code="c">CNCGM</subfield>
      <subfield code="d">OCLCO</subfield>
      <subfield code="d">OH1</subfield>
      <subfield code="d">YDXCP</subfield>
      <subfield code="d">VLB</subfield>
      <subfield code="d">OCLCF</subfield>
      <subfield code="d">OCLCO</subfield>
      <subfield code="d">N$T</subfield>
      <subfield code="d">OCLCO</subfield>
      <subfield code="d">N$T</subfield>
      <subfield code="d">OCLCO</subfield>
      <subfield code="d">UKOUP</subfield>
      <subfield code="d">EBLCP</subfield>
      <subfield code="d">FIE</subfield>
      <subfield code="d">BUF</subfield>
      <subfield code="d">CEF</subfield>
      <subfield code="d">OTZ</subfield>
      <subfield code="d">U3W</subfield>
      <subfield code="d">WYU</subfield>
      <subfield code="d">YOU</subfield>
      <subfield code="d">OCLCQ</subfield>
      <subfield code="d">HS0</subfield>
      <subfield code="d">OCLCQ</subfield>
    </datafield>
    <datafield tag="049" ind1=" " ind2=" ">
      <subfield code="a">TEUU</subfield>
    </datafield>
    <datafield tag="050" ind1=" " ind2="4">
      <subfield code="a">BD638</subfield>
      <subfield code="b">.S56 2015eb</subfield>
    </datafield>
    <datafield tag="072" ind1=" " ind2="7">
      <subfield code="a">PHI</subfield>
      <subfield code="x">013000</subfield>
      <subfield code="2">bisacsh</subfield>
    </datafield>
    <datafield tag="082" ind1="0" ind2="4">
      <subfield code="a">115</subfield>
      <subfield code="2">23</subfield>
    </datafield>
    <datafield tag="100" ind1="1" ind2=" ">
      <subfield code="a">Skow, Bradford</subfield>
      <subfield code="e">author.</subfield>
    </datafield>
    <datafield tag="245" ind1="1" ind2="0">
      <subfield code="a">Objective becoming /</subfield>
      <subfield code="c">Bradford Skow.</subfield>
    </datafield>
    <datafield tag="264" ind1=" " ind2="1">
      <subfield code="a">Oxford :</subfield>
      <subfield code="b">Oxford University Press,</subfield>
      <subfield code="c">2015.</subfield>
    </datafield>
    <datafield tag="300" ind1=" " ind2=" ">
      <subfield code="a">1 online resource :</subfield>
      <subfield code="b">illustrations (black and white)</subfield>
    </datafield>
    <datafield tag="336" ind1=" " ind2=" ">
      <subfield code="a">text</subfield>
      <subfield code="b">txt</subfield>
      <subfield code="2">rdacontent</subfield>
    </datafield>
    <datafield tag="336" ind1=" " ind2=" ">
      <subfield code="a">still image</subfield>
      <subfield code="b">sti</subfield>
      <subfield code="2">rdacontent</subfield>
    </datafield>
    <datafield tag="337" ind1=" " ind2=" ">
      <subfield code="a">computer</subfield>
      <subfield code="b">c</subfield>
      <subfield code="2">rdamedia</subfield>
    </datafield>
    <datafield tag="338" ind1=" " ind2=" ">
      <subfield code="a">online resource</subfield>
      <subfield code="b">cr</subfield>
      <subfield code="2">rdacarrier</subfield>
    </datafield>
    <datafield tag="504" ind1=" " ind2=" ">
      <subfield code="a">Includes bibliographical references and index.</subfield>
    </datafield>
    <datafield tag="520" ind1="8" ind2=" ">
      <subfield code="a">Bradford Skow presents an original defence of the 'block universe' theory of time, often said to be a theory according to which time does not pass. He provides in-depth discussions of alternative theories, reconciles objective becoming with relativistic physics, and re-evaluates our 'experience' of the passage of time in relation to the argument.</subfield>
    </datafield>
    <datafield tag="588" ind1="0" ind2=" ">
      <subfield code="a">Online resource; title from home page (viewed on January 20, 2015).</subfield>
    </datafield>
    <datafield tag="590" ind1=" " ind2=" ">
      <subfield code="a">Oxford University Press</subfield>
      <subfield code="b">Oxford Scholarship Online</subfield>
    </datafield>
    <datafield tag="590" ind1=" " ind2=" ">
      <subfield code="a">Access is available to the Temple Community through use of a networked computer with a Temple IP address.</subfield>
    </datafield>
    <datafield tag="650" ind1=" " ind2="0">
      <subfield code="a">Time</subfield>
      <subfield code="x">Philosophy.</subfield>
    </datafield>
    <datafield tag="650" ind1=" " ind2="7">
      <subfield code="a">Time</subfield>
      <subfield code="x">Philosophy.</subfield>
      <subfield code="2">fast</subfield>
      <subfield code="0">(OCoLC)fst01151053</subfield>
    </datafield>
    <datafield tag="650" ind1=" " ind2="7">
      <subfield code="a">Philosophy.</subfield>
      <subfield code="2">hilcc</subfield>
    </datafield>
    <datafield tag="650" ind1=" " ind2="7">
      <subfield code="a">Philosophy &amp; Religion.</subfield>
      <subfield code="2">hilcc</subfield>
    </datafield>
    <datafield tag="650" ind1=" " ind2="7">
      <subfield code="a">Speculative Philosophy.</subfield>
      <subfield code="2">hilcc</subfield>
    </datafield>
    <datafield tag="776" ind1="0" ind2="8">
      <subfield code="i">Print version :</subfield>
      <subfield code="z">9780198713272</subfield>
    </datafield>
    <datafield tag="856" ind1="4" ind2="0">
      <subfield code="u">http://libproxy.temple.edu/login?url=https://www.oxfordscholarship.com/view/10.1093/acprof:oso/9780198713272.001.0001/acprof-9780198713272</subfield>
    </datafield>
    <datafield tag="902" ind1=" " ind2=" ">
      <subfield code="a">Oxford Scholarship Online</subfield>
    </datafield>
    <datafield tag="979" ind1=" " ind2=" ">
      <subfield code="a">ocn905691091</subfield>
    </datafield>
    <datafield tag="ADM" ind1=" " ind2=" ">
      <subfield code="b">2020-08-06 02:31:53</subfield>
      <subfield code="e">ocn905691091</subfield>
      <subfield code="d">OCLC</subfield>
      <subfield code="f">20200805081321.2</subfield>
      <subfield code="a">2020-01-28 17:43:04</subfield>
      <subfield code="c">false</subfield>
    </datafield>
    <datafield tag="PRT" ind1=" " ind2=" ">
      <subfield code="updated">2020-08-06 02:32:08</subfield>
      <subfield code="i">61482029980003811</subfield>
      <subfield code="c">Oxford Scholarship Online</subfield>
      <subfield code="created">2020-01-28 17:44:04</subfield>
      <subfield code="j">62482029970003811</subfield>
      <subfield code="a">53493731850003811</subfield>
      <subfield code="b">https://sandbox01-na.alma.exlibrisgroup.com/view/uresolver/01TULI_INST/openurl?u.ignore_date_coverage=true&amp;rft.mms_id=991037385138003811</subfield>
      <subfield code="9">Available</subfield>
      <subfield code="8">53493731850003811</subfield>
    </datafield>
  </record>