
  <record>
    <leader>05353nam a22004571i 4500</leader>
    <controlfield tag="001">991036800322503811</controlfield>
    <controlfield tag="005">20170821191216.0</controlfield>
    <controlfield tag="006">m     o  d        </controlfield>
    <controlfield tag="007">cr -n---------</controlfield>
    <controlfield tag="008">191130s2014    ne      ob    001 0 eng d</controlfield>
    <datafield tag="020" ind1=" " ind2=" ">
      <subfield code="a">94-6209-596-5</subfield>
    </datafield>
    <datafield tag="024" ind1="7" ind2=" ">
      <subfield code="a">10.1007/978-94-6209-596-0</subfield>
      <subfield code="2">doi</subfield>
    </datafield>
    <datafield tag="035" ind1=" " ind2=" ">
      <subfield code="a">(CKB)3710000000113434</subfield>
    </datafield>
    <datafield tag="035" ind1=" " ind2=" ">
      <subfield code="a">(EBL)1973949</subfield>
    </datafield>
    <datafield tag="035" ind1=" " ind2=" ">
      <subfield code="a">(OCoLC)879590578</subfield>
    </datafield>
    <datafield tag="035" ind1=" " ind2=" ">
      <subfield code="a">(SSID)ssj0001240499</subfield>
    </datafield>
    <datafield tag="035" ind1=" " ind2=" ">
      <subfield code="a">(PQKBManifestationID)11698970</subfield>
    </datafield>
    <datafield tag="035" ind1=" " ind2=" ">
      <subfield code="a">(PQKBTitleCode)TC0001240499</subfield>
    </datafield>
    <datafield tag="035" ind1=" " ind2=" ">
      <subfield code="a">(PQKBWorkID)11207507</subfield>
    </datafield>
    <datafield tag="035" ind1=" " ind2=" ">
      <subfield code="a">(PQKB)11645545</subfield>
    </datafield>
    <datafield tag="035" ind1=" " ind2=" ">
      <subfield code="a">(MiAaPQ)EBC3034964</subfield>
    </datafield>
    <datafield tag="035" ind1=" " ind2=" ">
      <subfield code="a">(DE-He213)978-94-6209-596-0</subfield>
    </datafield>
    <datafield tag="035" ind1=" " ind2=" ">
      <subfield code="a">(MiAaPQ)EBC1973949</subfield>
    </datafield>
    <datafield tag="035" ind1=" " ind2=" ">
      <subfield code="a">(nllekb)BRILL9789462095960</subfield>
    </datafield>
    <datafield tag="035" ind1=" " ind2=" ">
      <subfield code="a">(EXLCZ)993710000000113434</subfield>
    </datafield>
    <datafield tag="040" ind1=" " ind2=" ">
      <subfield code="a">NL-LeKB</subfield>
      <subfield code="c">NL-LeKB</subfield>
      <subfield code="e">rda</subfield>
    </datafield>
    <datafield tag="041" ind1=" " ind2=" ">
      <subfield code="a">eng</subfield>
    </datafield>
    <datafield tag="050" ind1=" " ind2="4">
      <subfield code="a">HB615</subfield>
    </datafield>
    <datafield tag="072" ind1=" " ind2="7">
      <subfield code="a">JN</subfield>
      <subfield code="2">bicssc</subfield>
    </datafield>
    <datafield tag="072" ind1=" " ind2="7">
      <subfield code="a">EDU000000</subfield>
      <subfield code="2">bisacsh</subfield>
    </datafield>
    <datafield tag="082" ind1="0" ind2="0">
      <subfield code="a">338.040711</subfield>
      <subfield code="a">370</subfield>
    </datafield>
    <datafield tag="245" ind1="0" ind2="0">
      <subfield code="a">Becoming an Entrepreneur /</subfield>
      <subfield code="c">Edited by Susanne Weber; Fritz K. Oser; Frank Achtenhagen; Michael Fretschner; Sandra Trost.</subfield>
    </datafield>
    <datafield tag="264" ind1=" " ind2="1">
      <subfield code="a">Leiden; </subfield>
      <subfield code="a">Boston :</subfield>
      <subfield code="b">Brill | Sense,</subfield>
      <subfield code="c">2014.</subfield>
    </datafield>
    <datafield tag="300" ind1=" " ind2=" ">
      <subfield code="a">1 online resource (318 p.)</subfield>
    </datafield>
    <datafield tag="336" ind1=" " ind2=" ">
      <subfield code="a">text</subfield>
      <subfield code="b">txt</subfield>
    </datafield>
    <datafield tag="337" ind1=" " ind2=" ">
      <subfield code="a">computer</subfield>
      <subfield code="b">c</subfield>
    </datafield>
    <datafield tag="338" ind1=" " ind2=" ">
      <subfield code="a">online resource</subfield>
      <subfield code="b">cr</subfield>
    </datafield>
    <datafield tag="490" ind1="1" ind2=" ">
      <subfield code="a">Professional and VET Learning ;</subfield>
      <subfield code="v">3</subfield>
    </datafield>
    <datafield tag="500" ind1=" " ind2=" ">
      <subfield code="a">Description based upon print version of record.</subfield>
    </datafield>
    <datafield tag="546" ind1=" " ind2=" ">
      <subfield code="a">English</subfield>
    </datafield>
    <datafield tag="504" ind1=" " ind2=" ">
      <subfield code="a">Includes bibliographical references at the end of each chapters.</subfield>
    </datafield>
    <datafield tag="505" ind1="0" ind2="0">
      <subfield code="a">Preliminary Material /</subfield>
      <subfield code="r">Susanne Weber , Fritz K. Oser , Frank Achtenhagen , Michael Fretschner and Sandra Trost -- Becoming an Entrepreneur: Mapping Challenges in the Field of Entrepreneurship Education /</subfield>
      <subfield code="r">Susanne Weber , Fritz Oser , Frank Achtenhagen , Michael Fretschner and Sandra Trost -- Entrepreneurship Education: A Gramscian Approach /</subfield>
      <subfield code="r">Josef Aff and Gerhard Geissler -- Identification of Entrepreneurial Challenges as Essential Condition for Modeling Entrepreneurial Competence /</subfield>
      <subfield code="r">Holger Benninghoff and Susanne Weber -- Identifying Knowledge, Skills and Abilities of Successful Entrepreneurs /</subfield>
      <subfield code="r">Matthias Hofmuth -- Prior Knowledge of Potential Entrepreneurs /</subfield>
      <subfield code="r">B&#xE4;rbel F&#xFC;rstenau , Hartmut-A. Oldenb&#xFC;rger and Iris Trojahner -- Context and Ideology of Entrepreneurship Education in Practice /</subfield>
      <subfield code="r">Leona Achtenhagen and Bengt Johannisson -- Entrepreneurship Education at the University of Graz /</subfield>
      <subfield code="r">Peter Slepcevic-Zach , Michaela Stock and Georg Tafner -- From &#x201C;Chalk-and-Talk&#x201D; to Starting New Ventures /</subfield>
      <subfield code="r">Susan M&#xFC;ller -- Entrepreneurial Intentions in Initial Vocational Education and Training /</subfield>
      <subfield code="r">Doreen Holtsch -- Can Entrepreneurship Be Taught to Vocational Students? /</subfield>
      <subfield code="r">Thierry Volery , Fritz Oser , Susan M&#xFC;ller , Catherine N&#xE4;pflin and Nuria del Rey -- A Research-and Evidence-Based Entrepreneurship Education Program at Ludwig-Maximilians University (LMU), Munich /</subfield>
      <subfield code="r">Susanne Weber and Sabine Funke -- Ethical and Moral Considerations on Entrepreneurship Education /</subfield>
      <subfield code="r">Karin Heinrichs , Gerhard Minnameier and Klaus Beck -- Conceptualization of &#x201C;MODE&#xB3;&#x201D; as an Innovative Model for the Evaluation of Entrepreneurship Education at Universities from the Perspective of Gr&#xFC;ndungsdidaktik /</subfield>
      <subfield code="r">Ulrich Braukmann , Daniel Schneider and Andreas Voth -- &#x201C;Arzt und Zukunft&#x201D; &#x2013; An Example of Entrepreneurship at the Faculty of Medicine at Ludwig-Maximilians University (LMU), Munich /</subfield>
      <subfield code="r">Matthias Siebeck , Katrin Rauen and Jobst von Einem -- Ajzen&#x2019;s Theory of Planned Behavior in Entrepreneurship Education Research /</subfield>
      <subfield code="r">Michael Fretschner -- Intrapreneur: An Entrepreneur within a Company /</subfield>
      <subfield code="r">Susanne Weber , Sandra Trost , Michaela Wiethe-K&#xF6;rprich , Christine Wei&#xDF; and Frank Achtenhagen -- Becoming an Entrepreneur &#x2013; Epilog /</subfield>
      <subfield code="r">Susanne Weber , Fritz Oser , Frank Achtenhagen , Michael Fretschner and Sandra Trost -- List of Authors /</subfield>
      <subfield code="r">Susanne Weber , Fritz K. Oser , Frank Achtenhagen , Michael Fretschner and Sandra Trost.</subfield>
    </datafield>
    <datafield tag="520" ind1=" " ind2=" ">
      <subfield code="a">This book provides new insights into the important field of Entrepreneurship Education. The editors pick up Fayolle&#x2019;s invitation: &#x201C;How can we learn from &#x2018;institutional&#x2019; culture?&#x201D; and translate it to a variety of aspects of learning to start-up. From the perspective of Human Resource Education and Management (Wirtschaftsp&#xE4;dagogik) the authors shed light into the socio-cultural system of entrepreneurship education. They start with mapping out its challenges. They discuss context factors like political regimes affecting entrepreneurial activities, consider goals including moral awareness, introduce ideas of modeling entre- and intrapreneurial competencies, suggest teaching-learning-strategies, discuss evaluation procedures and introduce case studies of entrepreneurship education in different countries for different study levels. All in all this book stimulates and supports the challenges of educators, students, and practitioners (human resource managers, consultants, principals, teachers, and trainers) to introduce into the varying contexts of entrepreneurship education content specific, procedural, causal elements necessary for starting and maintaining an enterprise.</subfield>
    </datafield>
    <datafield tag="588" ind1=" " ind2=" ">
      <subfield code="a">Description based on print version record.</subfield>
    </datafield>
    <datafield tag="650" ind1=" " ind2="0">
      <subfield code="a">Entrepreneurship</subfield>
      <subfield code="x">Study and teaching.</subfield>
    </datafield>
    <datafield tag="655" ind1=" " ind2="4">
      <subfield code="a">Electronic books.</subfield>
    </datafield>
    <datafield tag="776" ind1=" " ind2=" ">
      <subfield code="z">94-6209-595-7</subfield>
    </datafield>
    <datafield tag="776" ind1=" " ind2=" ">
      <subfield code="z">94-6209-594-9</subfield>
    </datafield>
    <datafield tag="700" ind1="1" ind2=" ">
      <subfield code="a">Weber, Susanne,</subfield>
      <subfield code="e">editor.</subfield>
    </datafield>
    <datafield tag="700" ind1="1" ind2=" ">
      <subfield code="a">Oser, Fritz K.,</subfield>
      <subfield code="e">editor.</subfield>
    </datafield>
    <datafield tag="700" ind1="1" ind2=" ">
      <subfield code="a">Achtenhagen, Frank,</subfield>
      <subfield code="e">editor.</subfield>
    </datafield>
    <datafield tag="700" ind1="1" ind2=" ">
      <subfield code="a">Fretschner, Michael,</subfield>
      <subfield code="e">editor.</subfield>
    </datafield>
    <datafield tag="700" ind1="1" ind2=" ">
      <subfield code="a">Trost, Sandra,</subfield>
      <subfield code="e">editor.</subfield>
    </datafield>
    <datafield tag="830" ind1=" " ind2="0">
      <subfield code="a">Professional and VET Learning ;</subfield>
      <subfield code="v">3.</subfield>
    </datafield>
    <datafield tag="906" ind1=" " ind2=" ">
      <subfield code="a">BOOK</subfield>
    </datafield>
    <datafield tag="ADM" ind1=" " ind2=" ">
      <subfield code="b">2020-01-18 14:20:16</subfield>
      <subfield code="e">993710000000113434</subfield>
      <subfield code="d">NON_SFX</subfield>
      <subfield code="f">20160803134623.0</subfield>
      <subfield code="a">2014-05-31 20:49:30</subfield>
      <subfield code="c">false</subfield>
    </datafield>
    <datafield tag="PRT" ind1=" " ind2=" ">
      <subfield code="updated">2017-12-18 20:14:58</subfield>
      <subfield code="i">61404537130003811</subfield>
      <subfield code="e">EBSCOhost</subfield>
      <subfield code="c">eBook Business Collection</subfield>
      <subfield code="created">2017-12-18 20:14:28</subfield>
      <subfield code="j">62404537120003811</subfield>
      <subfield code="a">53406113210003811</subfield>
      <subfield code="b">https://sandbox01-na.alma.exlibrisgroup.com/view/uresolver/01TULI_INST/openurl?u.ignore_date_coverage=true&amp;rft.mms_id=991036800322503811</subfield>
      <subfield code="9">Available</subfield>
      <subfield code="h">613790000000001579</subfield>
      <subfield code="8">53406113210003811</subfield>
    </datafield>
    <datafield tag="PRT" ind1=" " ind2=" ">
      <subfield code="updated">2017-06-21 08:16:49</subfield>
      <subfield code="i">61364673790003811</subfield>
      <subfield code="e">Springer Link</subfield>
      <subfield code="c">SpringerLink Books Complete</subfield>
      <subfield code="created">2017-06-21 08:16:41</subfield>
      <subfield code="j">62364673780003811</subfield>
      <subfield code="a">53366587870003811</subfield>
      <subfield code="b">https://sandbox01-na.alma.exlibrisgroup.com/view/uresolver/01TULI_INST/openurl?u.ignore_date_coverage=true&amp;rft.mms_id=991036800322503811</subfield>
      <subfield code="9">Available</subfield>
      <subfield code="h">611000000000001381</subfield>
      <subfield code="8">53366587870003811</subfield>
    </datafield>
    <datafield tag="PRT" ind1=" " ind2=" ">
      <subfield code="updated">2019-04-29 19:34:49</subfield>
      <subfield code="i">61462386960003811</subfield>
      <subfield code="e">EBSCOhost</subfield>
      <subfield code="c">EBSCOhost Ebook Public Library Collection - North America</subfield>
      <subfield code="created">2019-04-29 19:33:43</subfield>
      <subfield code="j">62462386950003811</subfield>
      <subfield code="a">53463288090003811</subfield>
      <subfield code="b">https://sandbox01-na.alma.exlibrisgroup.com/view/uresolver/01TULI_INST/openurl?u.ignore_date_coverage=true&amp;rft.mms_id=991036800322503811</subfield>
      <subfield code="9">Available</subfield>
      <subfield code="h">614900000000000308</subfield>
      <subfield code="8">53463288090003811</subfield>
    </datafield>
  </record>