
  <record>
    <leader>03658cam a2200589Ia 4500</leader>
    <controlfield tag="005">20190715150529.0</controlfield>
    <controlfield tag="008">111121t20122012ne a     b    001 0 eng  </controlfield>
    <controlfield tag="001">991030416389703811</controlfield>
    <datafield tag="020" ind1=" " ind2=" ">
      <subfield code="a">9789400729834</subfield>
      <subfield code="q">hardback</subfield>
    </datafield>
    <datafield tag="020" ind1=" " ind2=" ">
      <subfield code="a">9400729839</subfield>
      <subfield code="q">hardback</subfield>
    </datafield>
    <datafield tag="020" ind1=" " ind2=" ">
      <subfield code="z">9789400729841</subfield>
      <subfield code="q">ebook</subfield>
    </datafield>
    <datafield tag="035" ind1=" " ind2=" ">
      <subfield code="a">(PPT)b53034387-01tuli_inst</subfield>
    </datafield>
    <datafield tag="035" ind1=" " ind2=" ">
      <subfield code="a">(OCoLC)ocn812405886</subfield>
      <subfield code="9">ExL</subfield>
    </datafield>
    <datafield tag="035" ind1=" " ind2=" ">
      <subfield code="a">(OCoLC)791855346</subfield>
      <subfield code="z">(OCoLC)759914218</subfield>
    </datafield>
    <datafield tag="035" ind1=" " ind2=" ">
      <subfield code="a">ocn791855346</subfield>
    </datafield>
    <datafield tag="035" ind1=" " ind2=" ">
      <subfield code="a">(OCLC)ocn791855346</subfield>
    </datafield>
    <datafield tag="040" ind1=" " ind2=" ">
      <subfield code="a">AU@</subfield>
      <subfield code="b">eng</subfield>
      <subfield code="c">AU@</subfield>
      <subfield code="d">CDX</subfield>
      <subfield code="d">BTCTA</subfield>
      <subfield code="d">UKMGB</subfield>
      <subfield code="d">YDXCP</subfield>
      <subfield code="d">OHX</subfield>
      <subfield code="d">BWX</subfield>
      <subfield code="d">OUP</subfield>
    </datafield>
    <datafield tag="072" ind1=" " ind2="7">
      <subfield code="a">LB</subfield>
      <subfield code="2">lcco</subfield>
    </datafield>
    <datafield tag="072" ind1=" " ind2="7">
      <subfield code="a">QA</subfield>
      <subfield code="2">lcco</subfield>
    </datafield>
    <datafield tag="079" ind1=" " ind2=" ">
      <subfield code="a">ocn791855346</subfield>
    </datafield>
    <datafield tag="090" ind1=" " ind2=" ">
      <subfield code="a">QA10.5</subfield>
      <subfield code="b">.W66 2012</subfield>
    </datafield>
    <datafield tag="100" ind1="1" ind2=" ">
      <subfield code="a">Wood, Leigh N.</subfield>
      <subfield code="0">http://id.loc.gov/authorities/names/no2010148942</subfield>
    </datafield>
    <datafield tag="245" ind1="1" ind2="0">
      <subfield code="a">Becoming a mathematician :</subfield>
      <subfield code="b">an international perspective /</subfield>
      <subfield code="c">Leigh N. Wood, Peter Petocz, Anna Reid.</subfield>
    </datafield>
    <datafield tag="264" ind1=" " ind2="1">
      <subfield code="a">Dordrecht ;</subfield>
      <subfield code="a">London :</subfield>
      <subfield code="b">Springer,</subfield>
      <subfield code="c">[2012]</subfield>
    </datafield>
    <datafield tag="264" ind1=" " ind2="4">
      <subfield code="c">&#xA9;2012</subfield>
    </datafield>
    <datafield tag="300" ind1=" " ind2=" ">
      <subfield code="a">viii, 188 pages :</subfield>
      <subfield code="b">illustrations ;</subfield>
      <subfield code="c">25 cm.</subfield>
    </datafield>
    <datafield tag="336" ind1=" " ind2=" ">
      <subfield code="a">text</subfield>
      <subfield code="b">txt</subfield>
      <subfield code="2">rdacontent</subfield>
    </datafield>
    <datafield tag="337" ind1=" " ind2=" ">
      <subfield code="a">unmediated</subfield>
      <subfield code="b">n</subfield>
      <subfield code="2">rdamedia</subfield>
    </datafield>
    <datafield tag="338" ind1=" " ind2=" ">
      <subfield code="a">volume</subfield>
      <subfield code="b">nc</subfield>
      <subfield code="2">rdacarrier</subfield>
    </datafield>
    <datafield tag="490" ind1="1" ind2=" ">
      <subfield code="a">Mathematics education library ;</subfield>
      <subfield code="v">v. 56</subfield>
    </datafield>
    <datafield tag="500" ind1=" " ind2=" ">
      <subfield code="a">Formerly CIP.</subfield>
      <subfield code="5">Uk</subfield>
    </datafield>
    <datafield tag="504" ind1=" " ind2=" ">
      <subfield code="a">Includes bibliographical references and index.</subfield>
    </datafield>
    <datafield tag="505" ind1="0" ind2=" ">
      <subfield code="a">Introduction: how does a person become a mathematician? -- How do mathematics students think of mathematics?- A first look -- How do mathematics students go about learning mathematics?- A first look -- What do mathematics students say about mathematics internationally? -- How can we track our students' progress towards becoming mathematicians? -- What is the contribution of mathematics to graduates' professional working life? -- What is the role of communication in mathematics graduates' transition to professional work? -- What university curriculum best helps students to become mathematicians? -- How can professional development contribute to university mathematics teaching? -- Conclusion: becoming a mathematician- revisited -- Appendices -- Appendix 1: short form of conceptions of mathematics survey -- Appendix 2: mathematical communication outcomes -- Appendix 3: Australian professional development framework.</subfield>
    </datafield>
    <datafield tag="650" ind1=" " ind2="0">
      <subfield code="a">Mathematicians</subfield>
      <subfield code="0">http://id.loc.gov/authorities/subjects/sh85082138</subfield>
      <subfield code="v">Interviews.</subfield>
      <subfield code="0">http://id.loc.gov/authorities/subjects/sh99001682</subfield>
    </datafield>
    <datafield tag="650" ind1=" " ind2="7">
      <subfield code="a">Mathematicians.</subfield>
      <subfield code="2">fast</subfield>
      <subfield code="0">http://id.worldcat.org/fast/1012154</subfield>
    </datafield>
    <datafield tag="650" ind1=" " ind2="0">
      <subfield code="a">Mathematicians</subfield>
      <subfield code="0">http://id.loc.gov/authorities/subjects/sh85082138</subfield>
      <subfield code="x">Attitudes.</subfield>
      <subfield code="0">http://id.loc.gov/authorities/subjects/sh2002006216</subfield>
    </datafield>
    <datafield tag="650" ind1=" " ind2="0">
      <subfield code="a">Mathematics</subfield>
      <subfield code="0">http://id.loc.gov/authorities/subjects/sh85082139</subfield>
      <subfield code="x">Study and teaching (Higher)</subfield>
      <subfield code="0">http://id.loc.gov/authorities/subjects/sh2001009005</subfield>
    </datafield>
    <datafield tag="650" ind1=" " ind2="7">
      <subfield code="a">Mathematics</subfield>
      <subfield code="x">Study and teaching (Higher)</subfield>
      <subfield code="2">fast</subfield>
      <subfield code="0">http://id.worldcat.org/fast/1012286</subfield>
    </datafield>
    <datafield tag="650" ind1=" " ind2="0">
      <subfield code="a">Mathematicians</subfield>
      <subfield code="0">http://id.loc.gov/authorities/subjects/sh85082138</subfield>
      <subfield code="x">Employment.</subfield>
      <subfield code="0">http://id.loc.gov/authorities/subjects/sh99005236</subfield>
    </datafield>
    <datafield tag="650" ind1=" " ind2="7">
      <subfield code="a">Mathematicians</subfield>
      <subfield code="x">Employment.</subfield>
      <subfield code="2">fast</subfield>
      <subfield code="0">http://id.worldcat.org/fast/1012156</subfield>
    </datafield>
    <datafield tag="650" ind1=" " ind2="7">
      <subfield code="a">Mathematics.</subfield>
      <subfield code="2">fast</subfield>
      <subfield code="0">http://id.worldcat.org/fast/1012163</subfield>
    </datafield>
    <datafield tag="650" ind1="1" ind2="7">
      <subfield code="a">Mathematicians.</subfield>
      <subfield code="2">fast</subfield>
      <subfield code="0">http://id.worldcat.org/fast/1012154</subfield>
    </datafield>
    <datafield tag="655" ind1=" " ind2="7">
      <subfield code="a">Interviews.</subfield>
      <subfield code="2">lcgft</subfield>
      <subfield code="0">http://id.loc.gov/authorities/genreForms/gf2014026115</subfield>
    </datafield>
    <datafield tag="655" ind1=" " ind2="7">
      <subfield code="a">Interviews.</subfield>
      <subfield code="2">fast</subfield>
      <subfield code="0">http://id.worldcat.org/fast/1423832</subfield>
    </datafield>
    <datafield tag="655" ind1="2" ind2="7">
      <subfield code="a">Interviews.</subfield>
      <subfield code="2">fast</subfield>
      <subfield code="0">http://id.worldcat.org/fast/1423832</subfield>
    </datafield>
    <datafield tag="700" ind1="1" ind2=" ">
      <subfield code="a">Petocz, Peter.</subfield>
      <subfield code="0">http://id.loc.gov/authorities/names/no2010148940</subfield>
    </datafield>
    <datafield tag="700" ind1="1" ind2=" ">
      <subfield code="a">Reid, Anna Marie.</subfield>
    </datafield>
    <datafield tag="830" ind1=" " ind2="0">
      <subfield code="a">Mathematics education library ;</subfield>
      <subfield code="0">http://id.loc.gov/authorities/names/n42035827</subfield>
      <subfield code="v">v. 56.</subfield>
    </datafield>
    <datafield tag="902" ind1=" " ind2=" ">
      <subfield code="a">MARCIVE-BF 20190703</subfield>
    </datafield>
    <datafield tag="904" ind1=" " ind2=" ">
      <subfield code="a">MARCIVE 20200629</subfield>
    </datafield>
    <datafield tag="907" ind1=" " ind2=" ">
      <subfield code="a">.b53034387</subfield>
      <subfield code="b">p    </subfield>
      <subfield code="c">-</subfield>
    </datafield>
    <datafield tag="945" ind1=" " ind2=" ">
      <subfield code="l">pstk </subfield>
      <subfield code="g">1</subfield>
    </datafield>
    <datafield tag="979" ind1=" " ind2=" ">
      <subfield code="a">ocn791855346</subfield>
    </datafield>
    <datafield tag="998" ind1=" " ind2=" ">
      <subfield code="b">1</subfield>
      <subfield code="c">120924</subfield>
      <subfield code="d">m</subfield>
      <subfield code="e">a</subfield>
      <subfield code="f">-</subfield>
      <subfield code="g">0</subfield>
    </datafield>
    <datafield tag="998" ind1=" " ind2=" ">
      <subfield code="a">09/24/12</subfield>
      <subfield code="s">OCLC</subfield>
      <subfield code="c">YL</subfield>
    </datafield>
    <datafield tag="ADM" ind1=" " ind2=" ">
      <subfield code="b">2020-07-24 10:57:25</subfield>
      <subfield code="e">b53034387-01tuli_inst</subfield>
      <subfield code="d">MARCIVE</subfield>
      <subfield code="f">20190607232047.0</subfield>
      <subfield code="a">2017-06-20 11:46:24</subfield>
      <subfield code="c">false</subfield>
    </datafield>
    <datafield tag="HLD" ind1="0" ind2=" ">
      <subfield code="b">ASRS</subfield>
      <subfield code="c">ASRS</subfield>
      <subfield code="h"> QA10.5 </subfield>
      <subfield code="i"> .W66 2012 </subfield>
      <subfield code="8">22460798270003811</subfield>
      <subfield code="updated">2019-04-25 13:06:09</subfield>
      <subfield code="created">2019-04-25 13:06:03</subfield>
    </datafield>
    <datafield tag="ITM" ind1=" " ind2=" ">
      <subfield code="r">22460798270003811</subfield>
      <subfield code="b">1</subfield>
      <subfield code="h">0</subfield>
      <subfield code="g">ASRS</subfield>
      <subfield code="t">BOOK</subfield>
      <subfield code="9">39074026517656</subfield>
      <subfield code="e">ASRS</subfield>
      <subfield code="8">23313638690003811</subfield>
      <subfield code="a">0</subfield>
      <subfield code="i">QA10.5 .W66 2012</subfield>
      <subfield code="updated">2019-04-25 13:06:31</subfield>
      <subfield code="q">2017-06-20 11:46:24</subfield>
      <subfield code="d">ASRS</subfield>
      <subfield code="f">ASRS</subfield>
    </datafield>
  </record>