
  <record>
    <leader>04402cam a2200529 i 4500</leader>
    <controlfield tag="005">20190930174655.0</controlfield>
    <controlfield tag="008">180426t20192019maua     b    001 0 eng  </controlfield>
    <controlfield tag="001">991036979142903811</controlfield>
    <datafield tag="010" ind1=" " ind2=" ">
      <subfield code="a">  2018014212</subfield>
    </datafield>
    <datafield tag="015" ind1=" " ind2=" ">
      <subfield code="a">GBB925768</subfield>
      <subfield code="2">bnb</subfield>
    </datafield>
    <datafield tag="016" ind1="7" ind2=" ">
      <subfield code="a">019245175</subfield>
      <subfield code="2">Uk</subfield>
    </datafield>
    <datafield tag="019" ind1=" " ind2=" ">
      <subfield code="a">1028663959</subfield>
    </datafield>
    <datafield tag="020" ind1=" " ind2=" ">
      <subfield code="a">9780674980853</subfield>
      <subfield code="q">(hardcover)</subfield>
      <subfield code="q">(alkaline paper)</subfield>
    </datafield>
    <datafield tag="020" ind1=" " ind2=" ">
      <subfield code="a">0674980859</subfield>
      <subfield code="q">(hardcover)</subfield>
      <subfield code="q">(alkaline paper)</subfield>
    </datafield>
    <datafield tag="024" ind1="8" ind2=" ">
      <subfield code="a">40028728116</subfield>
    </datafield>
    <datafield tag="035" ind1=" " ind2=" ">
      <subfield code="a">(OCoLC)1028612527</subfield>
    </datafield>
    <datafield tag="040" ind1=" " ind2=" ">
      <subfield code="a">MH/DLC</subfield>
      <subfield code="b">eng</subfield>
      <subfield code="e">rda</subfield>
      <subfield code="c">DLC</subfield>
      <subfield code="d">ERASA</subfield>
      <subfield code="d">OCLCF</subfield>
      <subfield code="d">OCLCO</subfield>
      <subfield code="d">TOH</subfield>
      <subfield code="d">HLS</subfield>
      <subfield code="d">YDX</subfield>
      <subfield code="d">OCLCO</subfield>
      <subfield code="d">YAM</subfield>
      <subfield code="d">YUS</subfield>
      <subfield code="d">UKMGB</subfield>
    </datafield>
    <datafield tag="042" ind1=" " ind2=" ">
      <subfield code="a">pcc</subfield>
    </datafield>
    <datafield tag="050" ind1="0" ind2="0">
      <subfield code="a">BF713</subfield>
      <subfield code="b">.T655 2019</subfield>
    </datafield>
    <datafield tag="082" ind1="0" ind2="0">
      <subfield code="a">155</subfield>
      <subfield code="2">23</subfield>
    </datafield>
    <datafield tag="100" ind1="1" ind2=" ">
      <subfield code="a">Tomasello, Michael</subfield>
      <subfield code="e">author.</subfield>
      <subfield code="0">http://id.loc.gov/authorities/names/n91043417</subfield>
    </datafield>
    <datafield tag="245" ind1="1" ind2="0">
      <subfield code="a">Becoming human :</subfield>
      <subfield code="b">a theory of ontogeny /</subfield>
      <subfield code="c">Michael Tomasello.</subfield>
    </datafield>
    <datafield tag="264" ind1=" " ind2="1">
      <subfield code="a">Cambridge, Massachusetts :</subfield>
      <subfield code="b">The Belknap Press of Harvard University Press,</subfield>
      <subfield code="c">2019.</subfield>
    </datafield>
    <datafield tag="264" ind1=" " ind2="4">
      <subfield code="c">&#xA9;2019</subfield>
    </datafield>
    <datafield tag="300" ind1=" " ind2=" ">
      <subfield code="a">x, 379 pages :</subfield>
      <subfield code="b">illustrations ;</subfield>
      <subfield code="c">25 cm</subfield>
    </datafield>
    <datafield tag="336" ind1=" " ind2=" ">
      <subfield code="a">text</subfield>
      <subfield code="b">txt</subfield>
      <subfield code="2">rdacontent</subfield>
    </datafield>
    <datafield tag="337" ind1=" " ind2=" ">
      <subfield code="a">unmediated</subfield>
      <subfield code="b">n</subfield>
      <subfield code="2">rdamedia</subfield>
    </datafield>
    <datafield tag="338" ind1=" " ind2=" ">
      <subfield code="a">volume</subfield>
      <subfield code="b">nc</subfield>
      <subfield code="2">rdacarrier</subfield>
    </datafield>
    <datafield tag="504" ind1=" " ind2=" ">
      <subfield code="a">Includes bibliographical references and index.</subfield>
    </datafield>
    <datafield tag="505" ind1="0" ind2=" ">
      <subfield code="a">I. Background. In search of human uniqueness ; Evolutionary foundations -- II. The ontogeny of uniquely human cognition. Social cognition ; Communication ; Cultural learning ; Cooperative thinking -- III. The ontogeny of uniquely human sociality. Collaboration ; Prosociality ; Social norms ; Moral identity -- IV. Conclusion. A neo-Vygotskian theory ; The power of shared agency.</subfield>
    </datafield>
    <datafield tag="520" ind1=" " ind2=" ">
      <subfield code="a">Virtually all theories of how humans have become such a distinctive species focus on evolution. Here, Michael Tomasello proposes a complementary theory of human uniqueness, focused on ontogenetic processes. His data-driven model explains how those things that make us most human are constructed during the first years of a child's life. Tomasello assembles nearly three decades of experimental work with chimpanzees, bonobos, and human children to propose a new framework for psychological development between birth and seven years of age. He identifies eight pathways that starkly differentiate humans from their closest primate relatives: social cognition, communication, cultural learning, cooperative thinking, collaboration, prosociality, social norms, and moral identity. In each of these, great apes possess rudimentary abilities. But then, Tomasello argues, the maturation of humans' evolved capacities for shared intentionality transform these abilities into uniquely human cognition and sociality. The first step occurs around nine months, with the emergence of joint intentionality, exercised mostly with caregiving adults. The second step occurs around three years, with the emergence of collective intentionality involving both authoritative adults, who convey cultural knowledge, and coequal peers, who elicit collaboration and communication. Finally, by age six or seven, children become responsible for self-regulating their beliefs and actions so that they comport with cultural norms. Built on the essential ideas of Lev Vygotsky, Becoming Human places human sociocultural activity within the framework of modern evolutionary theory, and shows how biology creates the conditions under which culture does its work.--</subfield>
      <subfield code="c">Provided by publisher.</subfield>
    </datafield>
    <datafield tag="541" ind1=" " ind2=" ">
      <subfield code="a">Scheckter, Stella J. ;</subfield>
      <subfield code="c">Gift ;</subfield>
      <subfield code="d">2019</subfield>
    </datafield>
    <datafield tag="650" ind1=" " ind2="0">
      <subfield code="a">Developmental psychology.</subfield>
      <subfield code="0">http://id.loc.gov/authorities/subjects/sh85037359</subfield>
    </datafield>
    <datafield tag="650" ind1=" " ind2="7">
      <subfield code="a">Developmental psychology.</subfield>
      <subfield code="2">fast</subfield>
      <subfield code="0">http://id.worldcat.org/fast/891816</subfield>
    </datafield>
    <datafield tag="650" ind1=" " ind2="0">
      <subfield code="a">Ontogeny.</subfield>
      <subfield code="0">http://id.loc.gov/authorities/subjects/sh85094831</subfield>
    </datafield>
    <datafield tag="650" ind1=" " ind2="7">
      <subfield code="a">Ontogeny.</subfield>
      <subfield code="2">fast</subfield>
      <subfield code="0">http://id.worldcat.org/fast/1045991</subfield>
    </datafield>
    <datafield tag="650" ind1=" " ind2="0">
      <subfield code="a">Socialization.</subfield>
      <subfield code="0">http://id.loc.gov/authorities/subjects/sh85124152</subfield>
    </datafield>
    <datafield tag="650" ind1=" " ind2="7">
      <subfield code="a">Socialization.</subfield>
      <subfield code="2">fast</subfield>
      <subfield code="0">http://id.worldcat.org/fast/1123768</subfield>
    </datafield>
    <datafield tag="650" ind1=" " ind2="0">
      <subfield code="a">Evolutionary psychology.</subfield>
      <subfield code="0">http://id.loc.gov/authorities/subjects/sh2003003007</subfield>
    </datafield>
    <datafield tag="650" ind1=" " ind2="7">
      <subfield code="a">Evolutionary psychology.</subfield>
      <subfield code="2">fast</subfield>
      <subfield code="0">http://id.worldcat.org/fast/917348</subfield>
    </datafield>
    <datafield tag="650" ind1=" " ind2="0">
      <subfield code="a">Behavior evolution.</subfield>
      <subfield code="0">http://id.loc.gov/authorities/subjects/sh85012895</subfield>
    </datafield>
    <datafield tag="650" ind1=" " ind2="7">
      <subfield code="a">Behavior evolution.</subfield>
      <subfield code="2">fast</subfield>
      <subfield code="0">http://id.worldcat.org/fast/829910</subfield>
    </datafield>
    <datafield tag="902" ind1=" " ind2=" ">
      <subfield code="a">MARCIVE-BF 20190703</subfield>
    </datafield>
    <datafield tag="904" ind1=" " ind2=" ">
      <subfield code="a">MARCIVE 20190703</subfield>
    </datafield>
    <datafield tag="945" ind1=" " ind2="1">
      <subfield code="i">39074024465361</subfield>
      <subfield code="k">MAIN</subfield>
      <subfield code="l">stacks</subfield>
      <subfield code="a">BF713</subfield>
      <subfield code="b">.T655 2019</subfield>
      <subfield code="z">090</subfield>
    </datafield>
    <datafield tag="979" ind1=" " ind2=" ">
      <subfield code="a">(OCoLC)1028612527</subfield>
    </datafield>
    <datafield tag="997" ind1=" " ind2=" ">
      <subfield code="a">20190306</subfield>
      <subfield code="d">TEU</subfield>
      <subfield code="c">COUTTS-SR</subfield>
      <subfield code="e">WCAT</subfield>
    </datafield>
    <datafield tag="ADM" ind1=" " ind2=" ">
      <subfield code="b">2019-09-30 21:46:55</subfield>
      <subfield code="e">on1028612527</subfield>
      <subfield code="d">OCLC</subfield>
      <subfield code="f">20190716125355.0</subfield>
      <subfield code="a">2019-02-21 15:36:29</subfield>
      <subfield code="c">false</subfield>
    </datafield>
    <datafield tag="HLD" ind1="0" ind2=" ">
      <subfield code="b">MAIN</subfield>
      <subfield code="c">stacks</subfield>
      <subfield code="h">BF713</subfield>
      <subfield code="i">.T655 2019</subfield>
      <subfield code="8">22446718350003811</subfield>
      <subfield code="updated">2019-02-21 15:39:12</subfield>
      <subfield code="created">2019-02-21 15:39:12</subfield>
    </datafield>
    <datafield tag="ITM" ind1=" " ind2=" ">
      <subfield code="r">22446718350003811</subfield>
      <subfield code="b">1</subfield>
      <subfield code="h">0</subfield>
      <subfield code="g">stacks</subfield>
      <subfield code="t">BOOK</subfield>
      <subfield code="9">39074024465361</subfield>
      <subfield code="e">stacks</subfield>
      <subfield code="l">0</subfield>
      <subfield code="8">23446718340003811</subfield>
      <subfield code="a">0</subfield>
      <subfield code="i">BF713 .T655 2019</subfield>
      <subfield code="updated">2019-03-11 03:30:26</subfield>
      <subfield code="q">2019-02-21 15:39:12</subfield>
      <subfield code="d">MAIN</subfield>
      <subfield code="f">MAIN</subfield>
    </datafield>
  </record>