
  <record>
    <leader>03718cam a2200577Ia 4500</leader>
    <controlfield tag="005">20190716035640.0</controlfield>
    <controlfield tag="008">110130r20112010nyu           000 0 eng d</controlfield>
    <controlfield tag="001">991030113779703811</controlfield>
    <datafield tag="020" ind1=" " ind2=" ">
      <subfield code="a">9780375713699</subfield>
      <subfield code="q">(paperback)</subfield>
    </datafield>
    <datafield tag="020" ind1=" " ind2=" ">
      <subfield code="a">0375713697</subfield>
      <subfield code="q">(paperback)</subfield>
    </datafield>
    <datafield tag="035" ind1=" " ind2=" ">
      <subfield code="a">(PPT)b64133941-01tuli_inst</subfield>
    </datafield>
    <datafield tag="035" ind1=" " ind2=" ">
      <subfield code="a">(OCoLC)699764948</subfield>
      <subfield code="z">(OCoLC)798770442</subfield>
    </datafield>
    <datafield tag="035" ind1=" " ind2=" ">
      <subfield code="a">ocn699764948</subfield>
    </datafield>
    <datafield tag="035" ind1=" " ind2=" ">
      <subfield code="a">(OCLC)ocn699764948</subfield>
    </datafield>
    <datafield tag="040" ind1=" " ind2=" ">
      <subfield code="a">BTCTA</subfield>
      <subfield code="b">eng</subfield>
      <subfield code="c">BTCTA</subfield>
      <subfield code="d">YDXCP</subfield>
      <subfield code="d">NSB</subfield>
      <subfield code="d">OCLCF</subfield>
      <subfield code="d">OCLCO</subfield>
      <subfield code="d">OCLCQ</subfield>
    </datafield>
    <datafield tag="079" ind1=" " ind2=" ">
      <subfield code="a">ocn699764948</subfield>
    </datafield>
    <datafield tag="090" ind1=" " ind2=" ">
      <subfield code="a">GN33</subfield>
      <subfield code="b">.A32 2011</subfield>
    </datafield>
    <datafield tag="100" ind1="1" ind2=" ">
      <subfield code="a">Abram, David,</subfield>
      <subfield code="d">1957-</subfield>
      <subfield code="0">http://id.loc.gov/authorities/names/n95015469</subfield>
    </datafield>
    <datafield tag="245" ind1="1" ind2="0">
      <subfield code="a">Becoming animal :</subfield>
      <subfield code="b">an earthly cosmology /</subfield>
      <subfield code="c">David Abram.</subfield>
    </datafield>
    <datafield tag="250" ind1=" " ind2=" ">
      <subfield code="a">First Vintage books paperback edition.</subfield>
    </datafield>
    <datafield tag="264" ind1=" " ind2="1">
      <subfield code="a">New York :</subfield>
      <subfield code="b">Vintage Books,</subfield>
      <subfield code="c">2011.</subfield>
    </datafield>
    <datafield tag="264" ind1=" " ind2="4">
      <subfield code="c">&#xA9;2010</subfield>
    </datafield>
    <datafield tag="300" ind1=" " ind2=" ">
      <subfield code="a">315 pages, 1 unnumbered page ;</subfield>
      <subfield code="c">21 cm</subfield>
    </datafield>
    <datafield tag="336" ind1=" " ind2=" ">
      <subfield code="a">text</subfield>
      <subfield code="b">txt</subfield>
      <subfield code="2">rdacontent</subfield>
    </datafield>
    <datafield tag="337" ind1=" " ind2=" ">
      <subfield code="a">unmediated</subfield>
      <subfield code="b">n</subfield>
      <subfield code="2">rdamedia</subfield>
    </datafield>
    <datafield tag="338" ind1=" " ind2=" ">
      <subfield code="a">volume</subfield>
      <subfield code="b">nc</subfield>
      <subfield code="2">rdacarrier</subfield>
    </datafield>
    <datafield tag="500" ind1=" " ind2=" ">
      <subfield code="a">Originally published in hardcover: New York : Pantheon Books, &#xA9;2010. Reprinted in paperback, September 2011.</subfield>
    </datafield>
    <datafield tag="505" ind1="0" ind2=" ">
      <subfield code="a">Between the body and the breathing Earth -- Shadow -- House -- Wood and stone -- Reciprocity -- Depth -- Mind -- Mood -- The speech of things -- The discourse of the birds -- Sleight-of-hand -- Shapeshifting -- The real in its wonder -- At the heart of the heart of the world.</subfield>
    </datafield>
    <datafield tag="520" ind1=" " ind2=" ">
      <subfield code="a">This work is an exploration of our human entanglement with the rest of nature. As the climate veers toward catastrophe, the innumerable losses cascading through the biosphere make vividly evident the need for a metamorphosis in our relation to the living land. For too long we have inured ourselves to the wild intelligence of our flesh, taking our primary truths from technologies that hold the living world at a distance. This book subverts that distance, drawing readers ever deeper into their animal senses in order to explore, from within, the elemental kinship between the body and the breathing Earth. The author shows that from the awakened perspective of the human animal, awareness (or mind) is not an exclusive possession of our species but a lucid quality of the biosphere itself, a quality in which we, along with the oaks and the spiders, steadily participate.-- From publisher description.</subfield>
    </datafield>
    <datafield tag="650" ind1=" " ind2="0">
      <subfield code="a">Anthropology</subfield>
      <subfield code="x">Philosophy.</subfield>
      <subfield code="0">http://id.loc.gov/authorities/subjects/sh2007101154</subfield>
    </datafield>
    <datafield tag="650" ind1=" " ind2="7">
      <subfield code="a">Anthropology</subfield>
      <subfield code="x">Philosophy.</subfield>
      <subfield code="2">fast</subfield>
      <subfield code="0">http://id.worldcat.org/fast/810222</subfield>
    </datafield>
    <datafield tag="650" ind1=" " ind2="0">
      <subfield code="a">Human beings</subfield>
      <subfield code="x">Animal nature.</subfield>
      <subfield code="0">http://id.loc.gov/authorities/subjects/sh85080294</subfield>
    </datafield>
    <datafield tag="650" ind1=" " ind2="7">
      <subfield code="a">Human beings</subfield>
      <subfield code="x">Animal nature.</subfield>
      <subfield code="2">fast</subfield>
      <subfield code="0">http://id.worldcat.org/fast/962834</subfield>
    </datafield>
    <datafield tag="650" ind1=" " ind2="0">
      <subfield code="a">Biosphere.</subfield>
      <subfield code="0">http://id.loc.gov/authorities/subjects/sh85014261</subfield>
    </datafield>
    <datafield tag="650" ind1=" " ind2="7">
      <subfield code="a">Biosphere.</subfield>
      <subfield code="2">fast</subfield>
      <subfield code="0">http://id.worldcat.org/fast/832706</subfield>
    </datafield>
    <datafield tag="650" ind1=" " ind2="0">
      <subfield code="a">Human ecology.</subfield>
      <subfield code="0">http://id.loc.gov/authorities/subjects/sh85062856</subfield>
    </datafield>
    <datafield tag="650" ind1=" " ind2="7">
      <subfield code="a">Human ecology.</subfield>
      <subfield code="2">fast</subfield>
      <subfield code="0">http://id.worldcat.org/fast/962941</subfield>
    </datafield>
    <datafield tag="650" ind1=" " ind2="0">
      <subfield code="a">Cosmology.</subfield>
      <subfield code="0">http://id.loc.gov/authorities/subjects/sh85033169</subfield>
    </datafield>
    <datafield tag="650" ind1=" " ind2="7">
      <subfield code="a">Cosmology.</subfield>
      <subfield code="2">fast</subfield>
      <subfield code="0">http://id.worldcat.org/fast/880600</subfield>
    </datafield>
    <datafield tag="650" ind1=" " ind2="0">
      <subfield code="a">Perception.</subfield>
      <subfield code="0">http://id.loc.gov/authorities/subjects/sh85099708</subfield>
    </datafield>
    <datafield tag="650" ind1=" " ind2="7">
      <subfield code="a">Perception.</subfield>
      <subfield code="2">fast</subfield>
      <subfield code="0">http://id.worldcat.org/fast/1057622</subfield>
    </datafield>
    <datafield tag="650" ind1=" " ind2="0">
      <subfield code="a">Nature</subfield>
      <subfield code="x">Effect of human beings on.</subfield>
      <subfield code="0">http://id.loc.gov/authorities/subjects/sh85080299</subfield>
    </datafield>
    <datafield tag="650" ind1=" " ind2="7">
      <subfield code="a">Nature</subfield>
      <subfield code="x">Effect of human beings on.</subfield>
      <subfield code="2">fast</subfield>
      <subfield code="0">http://id.worldcat.org/fast/1034564</subfield>
    </datafield>
    <datafield tag="902" ind1=" " ind2=" ">
      <subfield code="a">170407</subfield>
    </datafield>
    <datafield tag="902" ind1=" " ind2=" ">
      <subfield code="a">MARCIVE-BF 20190703</subfield>
    </datafield>
    <datafield tag="904" ind1=" " ind2=" ">
      <subfield code="a">MARCIVE 20190703</subfield>
    </datafield>
    <datafield tag="907" ind1=" " ind2=" ">
      <subfield code="a">.b64133941</subfield>
      <subfield code="b">a    </subfield>
      <subfield code="c">-</subfield>
    </datafield>
    <datafield tag="945" ind1=" " ind2=" ">
      <subfield code="l">astk </subfield>
      <subfield code="g">1</subfield>
    </datafield>
    <datafield tag="979" ind1=" " ind2=" ">
      <subfield code="a">ocn699764948</subfield>
    </datafield>
    <datafield tag="998" ind1=" " ind2=" ">
      <subfield code="b">0</subfield>
      <subfield code="c">170309</subfield>
      <subfield code="d">m</subfield>
      <subfield code="e">a</subfield>
      <subfield code="f">-</subfield>
      <subfield code="g">0</subfield>
    </datafield>
    <datafield tag="998" ind1=" " ind2=" ">
      <subfield code="a">03/09/17</subfield>
      <subfield code="s">OCLC</subfield>
      <subfield code="c">YL</subfield>
    </datafield>
    <datafield tag="ADM" ind1=" " ind2=" ">
      <subfield code="b">2019-07-16 07:56:40</subfield>
      <subfield code="e">b64133941-01tuli_inst</subfield>
      <subfield code="d">MARCIVE</subfield>
      <subfield code="f">20190607184218.0</subfield>
      <subfield code="a">2017-06-20 12:17:13</subfield>
      <subfield code="c">false</subfield>
    </datafield>
    <datafield tag="HLD" ind1="0" ind2=" ">
      <subfield code="b">AMBLER</subfield>
      <subfield code="c">stacks</subfield>
      <subfield code="h">GN33</subfield>
      <subfield code="i">.A32 2011</subfield>
      <subfield code="8">22317051420003811</subfield>
      <subfield code="created">2017-06-20 12:17:13</subfield>
    </datafield>
    <datafield tag="ITM" ind1=" " ind2=" ">
      <subfield code="r">22317051420003811</subfield>
      <subfield code="b">1</subfield>
      <subfield code="h">0</subfield>
      <subfield code="g">stacks</subfield>
      <subfield code="t">BOOK</subfield>
      <subfield code="9">39074030332373</subfield>
      <subfield code="e">stacks</subfield>
      <subfield code="8">23317051410003811</subfield>
      <subfield code="a">0</subfield>
      <subfield code="i">GN33 .A32 2011</subfield>
      <subfield code="updated">2020-01-31 16:16:03</subfield>
      <subfield code="q">2017-06-20 12:17:13</subfield>
      <subfield code="d">AMBLER</subfield>
      <subfield code="f">AMBLER</subfield>
    </datafield>
  </record>