
  <record>
    <leader>05151cam a2200757 i 4500</leader>
    <controlfield tag="005">20190715190850.0</controlfield>
    <controlfield tag="008">170605t20172017nyuabf   b    001 0beng  </controlfield>
    <controlfield tag="001">991036890709703811</controlfield>
    <datafield tag="010" ind1=" " ind2=" ">
      <subfield code="a">  2017022799</subfield>
    </datafield>
    <datafield tag="019" ind1=" " ind2=" ">
      <subfield code="a">1003822218</subfield>
    </datafield>
    <datafield tag="020" ind1=" " ind2=" ">
      <subfield code="a">9780465032686</subfield>
      <subfield code="q">(hardcover)</subfield>
    </datafield>
    <datafield tag="020" ind1=" " ind2=" ">
      <subfield code="a">0465032680</subfield>
      <subfield code="q">(hardcover)</subfield>
    </datafield>
    <datafield tag="020" ind1=" " ind2=" ">
      <subfield code="z">9780465096626</subfield>
    </datafield>
    <datafield tag="024" ind1="8" ind2=" ">
      <subfield code="a">40027648245</subfield>
    </datafield>
    <datafield tag="035" ind1=" " ind2=" ">
      <subfield code="a">(OCoLC)975485657</subfield>
      <subfield code="z">(OCoLC)1003822218</subfield>
    </datafield>
    <datafield tag="037" ind1=" " ind2=" ">
      <subfield code="a">13955800</subfield>
    </datafield>
    <datafield tag="040" ind1=" " ind2=" ">
      <subfield code="a">DLC</subfield>
      <subfield code="b">eng</subfield>
      <subfield code="e">rda</subfield>
      <subfield code="c">DLC</subfield>
      <subfield code="d">BTCTA</subfield>
      <subfield code="d">BDX</subfield>
      <subfield code="d">YDX</subfield>
      <subfield code="d">OCLCO</subfield>
      <subfield code="d">OCLCF</subfield>
      <subfield code="d">GK8</subfield>
      <subfield code="d">IEP</subfield>
      <subfield code="d">JAI</subfield>
      <subfield code="d">NYP</subfield>
      <subfield code="d">CZA</subfield>
      <subfield code="d">TXKYL</subfield>
      <subfield code="d">RIOSL</subfield>
      <subfield code="d">A2A</subfield>
      <subfield code="d">BUR</subfield>
      <subfield code="d">YDX</subfield>
      <subfield code="d">XYZ</subfield>
      <subfield code="d">OCLCO</subfield>
      <subfield code="d">VP@</subfield>
      <subfield code="d">TYC</subfield>
      <subfield code="d">YUS</subfield>
      <subfield code="d">ZVR</subfield>
      <subfield code="d">TXHLC</subfield>
      <subfield code="d">FYO</subfield>
      <subfield code="d">FLWMD</subfield>
      <subfield code="d">KYC</subfield>
      <subfield code="d">P@N</subfield>
      <subfield code="d">ON8</subfield>
      <subfield code="d">OY4</subfield>
      <subfield code="d">IBA</subfield>
      <subfield code="d">T7X</subfield>
      <subfield code="d">ON3</subfield>
      <subfield code="d">LKC</subfield>
      <subfield code="d">OCLCQ</subfield>
      <subfield code="d">OCLCO</subfield>
      <subfield code="d">MCW</subfield>
      <subfield code="d">EYM</subfield>
      <subfield code="d">OCLCQ</subfield>
      <subfield code="d">OJ4</subfield>
      <subfield code="d">GUA</subfield>
      <subfield code="d">XMC</subfield>
      <subfield code="d">TCJ</subfield>
      <subfield code="d">OCLCO</subfield>
      <subfield code="d">IDQ</subfield>
      <subfield code="d">OCLCQ</subfield>
    </datafield>
    <datafield tag="042" ind1=" " ind2=" ">
      <subfield code="a">pcc</subfield>
    </datafield>
    <datafield tag="043" ind1=" " ind2=" ">
      <subfield code="a">e-gx---</subfield>
    </datafield>
    <datafield tag="050" ind1="0" ind2="0">
      <subfield code="a">DD247.H5</subfield>
      <subfield code="b">W366 2017</subfield>
    </datafield>
    <datafield tag="082" ind1="0" ind2="0">
      <subfield code="a">943.086092</subfield>
      <subfield code="a">B</subfield>
      <subfield code="2">23</subfield>
    </datafield>
    <datafield tag="090" ind1=" " ind2=" ">
      <subfield code="a">DD247.H5</subfield>
      <subfield code="b">W366 2017</subfield>
    </datafield>
    <datafield tag="100" ind1="1" ind2=" ">
      <subfield code="a">Weber, Thomas,</subfield>
      <subfield code="d">1974-</subfield>
      <subfield code="0">http://id.loc.gov/authorities/names/nr2004005681</subfield>
      <subfield code="e">author.</subfield>
    </datafield>
    <datafield tag="245" ind1="1" ind2="0">
      <subfield code="a">Becoming Hitler :</subfield>
      <subfield code="b">the making of a Nazi /</subfield>
      <subfield code="c">Thomas Weber.</subfield>
    </datafield>
    <datafield tag="250" ind1=" " ind2=" ">
      <subfield code="a">First edition.</subfield>
    </datafield>
    <datafield tag="264" ind1=" " ind2="1">
      <subfield code="a">New York :</subfield>
      <subfield code="b">Basic Books,</subfield>
      <subfield code="c">2017.</subfield>
    </datafield>
    <datafield tag="264" ind1=" " ind2="4">
      <subfield code="c">&#xA9;2017</subfield>
    </datafield>
    <datafield tag="300" ind1=" " ind2=" ">
      <subfield code="a">xxiii, 422 pages, 16 unnumbered pages of plates :</subfield>
      <subfield code="b">illustrations, maps ;</subfield>
      <subfield code="c">25 cm</subfield>
    </datafield>
    <datafield tag="336" ind1=" " ind2=" ">
      <subfield code="a">text</subfield>
      <subfield code="b">txt</subfield>
      <subfield code="2">rdacontent</subfield>
    </datafield>
    <datafield tag="337" ind1=" " ind2=" ">
      <subfield code="a">unmediated</subfield>
      <subfield code="b">n</subfield>
      <subfield code="2">rdamedia</subfield>
    </datafield>
    <datafield tag="338" ind1=" " ind2=" ">
      <subfield code="a">volume</subfield>
      <subfield code="b">nc</subfield>
      <subfield code="2">rdacarrier</subfield>
    </datafield>
    <datafield tag="504" ind1=" " ind2=" ">
      <subfield code="a">Includes bibliographical references (pages 393-407) and index.</subfield>
    </datafield>
    <datafield tag="505" ind1="0" ind2=" ">
      <subfield code="a">Prelude -- PART I: Genesis -- Coup d&#x315; E&#x301;tat (20 November 1918-February 1919) -- A Cog in the Machine of Socialism (February to early April 1919) -- Arrested (early April to early May 1919) -- Turncoat (early May to mid to July 1919) -- PART II: New Testaments -- A New Home at Last (mid-July to September 1919) -- Two Visions (October 1919 to March 1920) -- A 2500 -Year -- Old Tool (March-August 1920) -- Genius (August to December 1920) -- Hitler's Pivot to the East (December 1920 to July 1921) -- PART III: Messiah -- The Bavarian Mussolini (July 1921 to December 1922) -- The German Girl from New York (Winter 1923 to summer 1923) -- Hitler's First Book (summer 1923 to autumn 1923) -- The Ludendorff Putsch (autumn 1923 to spring 1924) -- Lebensraum (spring 1924 to1926) -- Epilogue -- Archival collections &amp; private papers and interviews.</subfield>
    </datafield>
    <datafield tag="520" ind1=" " ind2=" ">
      <subfield code="a">Examines Hitler's years in Munich after World War I and his radical transformation from a directionless loner into the leader of Munich's right-wing movement.</subfield>
    </datafield>
    <datafield tag="650" ind1=" " ind2="0">
      <subfield code="a">Nazis</subfield>
      <subfield code="z">Germany</subfield>
      <subfield code="v">Biography.</subfield>
      <subfield code="0">http://id.loc.gov/authorities/subjects/sh2008108368</subfield>
    </datafield>
    <datafield tag="650" ind1=" " ind2="0">
      <subfield code="a">Right-wing extremists</subfield>
      <subfield code="z">Germany</subfield>
      <subfield code="0">http://id.loc.gov/authorities/subjects/sh2010109304</subfield>
      <subfield code="v">Biography.</subfield>
      <subfield code="0">http://id.loc.gov/authorities/subjects/sh99001237</subfield>
    </datafield>
    <datafield tag="650" ind1=" " ind2="0">
      <subfield code="a">Heads of state</subfield>
      <subfield code="z">Germany</subfield>
      <subfield code="v">Biography.</subfield>
      <subfield code="0">http://id.loc.gov/authorities/subjects/sh2008105510</subfield>
    </datafield>
    <datafield tag="650" ind1=" " ind2="0">
      <subfield code="a">National socialism</subfield>
      <subfield code="0">http://id.loc.gov/authorities/subjects/sh85090131</subfield>
      <subfield code="x">History.</subfield>
      <subfield code="0">http://id.loc.gov/authorities/subjects/sh99005024</subfield>
    </datafield>
    <datafield tag="650" ind1=" " ind2="7">
      <subfield code="a">National socialism.</subfield>
      <subfield code="2">fast</subfield>
      <subfield code="0">http://id.worldcat.org/fast/1033761</subfield>
    </datafield>
    <datafield tag="650" ind1="2" ind2="7">
      <subfield code="a">Politics and government.</subfield>
      <subfield code="2">fast</subfield>
      <subfield code="0">http://id.worldcat.org/fast/1919741</subfield>
    </datafield>
    <datafield tag="650" ind1="1" ind2="7">
      <subfield code="a">National socialism.</subfield>
      <subfield code="2">fast</subfield>
      <subfield code="0">http://id.worldcat.org/fast/1033761</subfield>
    </datafield>
    <datafield tag="650" ind1="2" ind2="7">
      <subfield code="a">History.</subfield>
      <subfield code="2">fast</subfield>
      <subfield code="0">http://id.worldcat.org/fast/958235</subfield>
    </datafield>
    <datafield tag="650" ind1="1" ind2="7">
      <subfield code="a">Heads of state.</subfield>
      <subfield code="2">fast</subfield>
      <subfield code="0">http://id.worldcat.org/fast/952677</subfield>
    </datafield>
    <datafield tag="650" ind1="1" ind2="7">
      <subfield code="a">Right-wing extremists.</subfield>
      <subfield code="2">fast</subfield>
      <subfield code="0">http://id.worldcat.org/fast/1097938</subfield>
    </datafield>
    <datafield tag="650" ind1="1" ind2="7">
      <subfield code="a">Nazis.</subfield>
      <subfield code="2">fast</subfield>
      <subfield code="0">http://id.worldcat.org/fast/1035219</subfield>
    </datafield>
    <datafield tag="650" ind1=" " ind2="7">
      <subfield code="a">BIOGRAPHY &amp; AUTOBIOGRAPHY</subfield>
      <subfield code="x">Presidents &amp; Heads of State.</subfield>
      <subfield code="2">bisacsh</subfield>
    </datafield>
    <datafield tag="650" ind1=" " ind2="7">
      <subfield code="a">BIOGRAPHY &amp; AUTOBIOGRAPHY</subfield>
      <subfield code="x">Historical.</subfield>
      <subfield code="2">bisacsh</subfield>
    </datafield>
    <datafield tag="650" ind1=" " ind2="7">
      <subfield code="a">BIOGRAPHY &amp; AUTOBIOGRAPHY</subfield>
      <subfield code="x">Political.</subfield>
      <subfield code="2">bisacsh</subfield>
    </datafield>
    <datafield tag="650" ind1=" " ind2="7">
      <subfield code="a">HISTORY</subfield>
      <subfield code="z">Europe</subfield>
      <subfield code="x">Germany.</subfield>
      <subfield code="2">bisacsh</subfield>
    </datafield>
    <datafield tag="650" ind1=" " ind2="7">
      <subfield code="a">Heads of state.</subfield>
      <subfield code="2">fast</subfield>
      <subfield code="0">http://id.worldcat.org/fast/952677</subfield>
    </datafield>
    <datafield tag="650" ind1=" " ind2="7">
      <subfield code="a">Homes.</subfield>
      <subfield code="2">fast</subfield>
      <subfield code="0">http://id.worldcat.org/fast/1353235</subfield>
    </datafield>
    <datafield tag="650" ind1=" " ind2="7">
      <subfield code="a">Nazis.</subfield>
      <subfield code="2">fast</subfield>
      <subfield code="0">http://id.worldcat.org/fast/1035219</subfield>
    </datafield>
    <datafield tag="650" ind1=" " ind2="7">
      <subfield code="a">Politics and government.</subfield>
      <subfield code="2">fast</subfield>
      <subfield code="0">http://id.worldcat.org/fast/1919741</subfield>
    </datafield>
    <datafield tag="650" ind1=" " ind2="7">
      <subfield code="a">Psychology.</subfield>
      <subfield code="2">fast</subfield>
      <subfield code="0">http://id.worldcat.org/fast/1081447</subfield>
    </datafield>
    <datafield tag="650" ind1=" " ind2="7">
      <subfield code="a">Right-wing extremists.</subfield>
      <subfield code="2">fast</subfield>
      <subfield code="0">http://id.worldcat.org/fast/1097938</subfield>
    </datafield>
    <datafield tag="651" ind1=" " ind2="0">
      <subfield code="a">Germany</subfield>
      <subfield code="x">Politics and government</subfield>
      <subfield code="y">1918-1933.</subfield>
      <subfield code="0">http://id.loc.gov/authorities/subjects/sh85054639</subfield>
    </datafield>
    <datafield tag="651" ind1=" " ind2="7">
      <subfield code="a">Germany.</subfield>
      <subfield code="2">fast</subfield>
      <subfield code="0">http://id.worldcat.org/fast/1210272</subfield>
    </datafield>
    <datafield tag="651" ind1=" " ind2="7">
      <subfield code="a">Germany</subfield>
      <subfield code="z">Munich.</subfield>
      <subfield code="2">fast</subfield>
      <subfield code="0">http://id.worldcat.org/fast/1205308</subfield>
    </datafield>
    <datafield tag="651" ind1="1" ind2="7">
      <subfield code="a">Germany.</subfield>
      <subfield code="2">fast</subfield>
      <subfield code="0">http://id.worldcat.org/fast/1210272</subfield>
    </datafield>
    <datafield tag="651" ind1="2" ind2="7">
      <subfield code="a">Germany.</subfield>
      <subfield code="2">fast</subfield>
      <subfield code="0">http://id.worldcat.org/fast/1210272</subfield>
    </datafield>
    <datafield tag="651" ind1="2" ind2="7">
      <subfield code="a">Germany</subfield>
      <subfield code="z">Munich.</subfield>
      <subfield code="2">fast</subfield>
      <subfield code="0">http://id.worldcat.org/fast/1205308</subfield>
    </datafield>
    <datafield tag="655" ind1=" " ind2="7">
      <subfield code="a">Biographies.</subfield>
      <subfield code="2">fast</subfield>
      <subfield code="0">http://id.worldcat.org/fast/1919896</subfield>
    </datafield>
    <datafield tag="655" ind1=" " ind2="7">
      <subfield code="a">History.</subfield>
      <subfield code="2">fast</subfield>
      <subfield code="0">http://id.worldcat.org/fast/1411628</subfield>
    </datafield>
    <datafield tag="655" ind1=" " ind2="7">
      <subfield code="a">Biographies.</subfield>
      <subfield code="2">lcgft</subfield>
      <subfield code="0">http://id.loc.gov/authorities/genreForms/gf2014026049</subfield>
    </datafield>
    <datafield tag="655" ind1="2" ind2="7">
      <subfield code="a">Biographies.</subfield>
      <subfield code="2">fast</subfield>
      <subfield code="0">http://id.worldcat.org/fast/1919896</subfield>
    </datafield>
    <datafield tag="600" ind1="1" ind2="0">
      <subfield code="a">Hitler, Adolf,</subfield>
      <subfield code="d">1889-1945.</subfield>
      <subfield code="0">http://id.loc.gov/authorities/names/n79046200</subfield>
    </datafield>
    <datafield tag="600" ind1="1" ind2="7">
      <subfield code="a">Hitler, Adolf,</subfield>
      <subfield code="d">1889-1945.</subfield>
      <subfield code="2">fast</subfield>
      <subfield code="0">http://id.worldcat.org/fast/34591</subfield>
    </datafield>
    <datafield tag="600" ind1="1" ind2="0">
      <subfield code="a">Hitler, Adolf,</subfield>
      <subfield code="d">1889-1945</subfield>
      <subfield code="0">http://id.loc.gov/authorities/names/n79046200</subfield>
      <subfield code="x">Homes and haunts</subfield>
      <subfield code="0">http://id.loc.gov/authorities/subjects/sh99005711</subfield>
      <subfield code="z">Germany</subfield>
      <subfield code="z">Munich.</subfield>
      <subfield code="0">http://id.loc.gov/authorities/names/n79059670</subfield>
    </datafield>
    <datafield tag="600" ind1="1" ind2="0">
      <subfield code="a">Hitler, Adolf,</subfield>
      <subfield code="d">1889-1945</subfield>
      <subfield code="0">http://id.loc.gov/authorities/names/n79046200</subfield>
      <subfield code="x">Psychology.</subfield>
      <subfield code="0">http://id.loc.gov/authorities/subjects/sh2002011487</subfield>
    </datafield>
    <datafield tag="600" ind1=" " ind2="7">
      <subfield code="a">Hitler, Adolf,</subfield>
      <subfield code="d">1889-1945.</subfield>
      <subfield code="2">fast</subfield>
      <subfield code="0">http://id.worldcat.org/fast/34591</subfield>
    </datafield>
    <datafield tag="648" ind1=" " ind2="7">
      <subfield code="a">1918-1933.</subfield>
      <subfield code="2">fast</subfield>
    </datafield>
    <datafield tag="648" ind1=" " ind2="7">
      <subfield code="a">1918-1933</subfield>
      <subfield code="2">fast</subfield>
    </datafield>
    <datafield tag="776" ind1="0" ind2="8">
      <subfield code="i">Online version:</subfield>
      <subfield code="a">Weber, Thomas, 1974-</subfield>
      <subfield code="t">Becoming Hitler.</subfield>
      <subfield code="d">New York : Basic Books, 2017</subfield>
      <subfield code="z">9780465096626</subfield>
    </datafield>
    <datafield tag="902" ind1=" " ind2=" ">
      <subfield code="a">MARCIVE-BF 20190703</subfield>
    </datafield>
    <datafield tag="904" ind1=" " ind2=" ">
      <subfield code="a">MARCIVE 20200629</subfield>
    </datafield>
    <datafield tag="979" ind1=" " ind2=" ">
      <subfield code="a">ocn975485657</subfield>
    </datafield>
    <datafield tag="997" ind1=" " ind2=" ">
      <subfield code="a">20180408204640.0</subfield>
      <subfield code="c">TUJ</subfield>
      <subfield code="s">DLC</subfield>
    </datafield>
    <datafield tag="ADM" ind1=" " ind2=" ">
      <subfield code="b">2020-09-09 01:05:51</subfield>
      <subfield code="e">ocn975485657</subfield>
      <subfield code="d">MARCIVE</subfield>
      <subfield code="f">20190607185224.0</subfield>
      <subfield code="a">2018-04-09 00:55:46</subfield>
      <subfield code="c">false</subfield>
    </datafield>
    <datafield tag="HLD" ind1="0" ind2=" ">
      <subfield code="b">JAPAN</subfield>
      <subfield code="c">stacks</subfield>
      <subfield code="h">DD247.H5</subfield>
      <subfield code="i">W366 2017</subfield>
      <subfield code="8">22415349910003811</subfield>
      <subfield code="updated">2018-04-09 00:57:36</subfield>
      <subfield code="created">2018-04-09 00:56:13</subfield>
    </datafield>
    <datafield tag="ITM" ind1=" " ind2=" ">
      <subfield code="r">22415349910003811</subfield>
      <subfield code="b">1</subfield>
      <subfield code="h">0</subfield>
      <subfield code="g">stacks</subfield>
      <subfield code="t">BOOK</subfield>
      <subfield code="9">31982070501707</subfield>
      <subfield code="e">stacks</subfield>
      <subfield code="8">23415349890003811</subfield>
      <subfield code="a">0</subfield>
      <subfield code="i">DD247.H5 W366 2017</subfield>
      <subfield code="updated">2018-04-09 00:57:36</subfield>
      <subfield code="q">2018-04-09 00:56:48</subfield>
      <subfield code="d">JAPAN</subfield>
      <subfield code="f">JAPAN</subfield>
    </datafield>
  </record>