
  <record>
    <leader>01796cam a2200457 a 4500</leader>
    <controlfield tag="005">20190716042344.0</controlfield>
    <controlfield tag="008">120601t20122012stk      b    001 0 eng d</controlfield>
    <controlfield tag="001">991030218279703811</controlfield>
    <datafield tag="020" ind1=" " ind2=" ">
      <subfield code="a">9780748645305</subfield>
      <subfield code="q">hardback</subfield>
    </datafield>
    <datafield tag="020" ind1=" " ind2=" ">
      <subfield code="a">0748645306</subfield>
      <subfield code="q">hardback</subfield>
    </datafield>
    <datafield tag="020" ind1=" " ind2=" ">
      <subfield code="z">9780748654376</subfield>
      <subfield code="q">epub.</subfield>
    </datafield>
    <datafield tag="035" ind1=" " ind2=" ">
      <subfield code="a">(PPT)b52559026-01tuli_inst</subfield>
    </datafield>
    <datafield tag="035" ind1=" " ind2=" ">
      <subfield code="a">(OCoLC)ocn811010502</subfield>
      <subfield code="9">ExL</subfield>
    </datafield>
    <datafield tag="035" ind1=" " ind2=" ">
      <subfield code="a">(OCoLC)795846573</subfield>
    </datafield>
    <datafield tag="035" ind1=" " ind2=" ">
      <subfield code="a">ocn795846573</subfield>
    </datafield>
    <datafield tag="035" ind1=" " ind2=" ">
      <subfield code="a">(OCLC)ocn795846573</subfield>
    </datafield>
    <datafield tag="040" ind1=" " ind2=" ">
      <subfield code="a">UKMGB</subfield>
      <subfield code="b">eng</subfield>
      <subfield code="c">UKMGB</subfield>
      <subfield code="d">YDXCP</subfield>
      <subfield code="d">ZCU</subfield>
      <subfield code="d">CDX</subfield>
      <subfield code="d">OCLCO</subfield>
    </datafield>
    <datafield tag="079" ind1=" " ind2=" ">
      <subfield code="a">ocn795846573</subfield>
    </datafield>
    <datafield tag="090" ind1=" " ind2=" ">
      <subfield code="a">B2430.D454</subfield>
      <subfield code="b">L86 2012</subfield>
    </datafield>
    <datafield tag="100" ind1="1" ind2=" ">
      <subfield code="a">Lundy, Craig.</subfield>
      <subfield code="0">http://id.loc.gov/authorities/names/nb2012016028</subfield>
    </datafield>
    <datafield tag="245" ind1="1" ind2="0">
      <subfield code="a">History and becoming :</subfield>
      <subfield code="b">Deleuze's philosophy of creativity /</subfield>
      <subfield code="c">Craig Lundy.</subfield>
    </datafield>
    <datafield tag="264" ind1=" " ind2="1">
      <subfield code="a">Edinburgh :</subfield>
      <subfield code="b">Edinburgh University Press,</subfield>
      <subfield code="c">[2012]</subfield>
    </datafield>
    <datafield tag="264" ind1=" " ind2="4">
      <subfield code="c">&#xA9;2012</subfield>
    </datafield>
    <datafield tag="300" ind1=" " ind2=" ">
      <subfield code="a">vii, 218 pages ;</subfield>
      <subfield code="c">24 cm.</subfield>
    </datafield>
    <datafield tag="336" ind1=" " ind2=" ">
      <subfield code="a">text</subfield>
      <subfield code="b">txt</subfield>
      <subfield code="2">rdacontent</subfield>
    </datafield>
    <datafield tag="337" ind1=" " ind2=" ">
      <subfield code="a">unmediated</subfield>
      <subfield code="b">n</subfield>
      <subfield code="2">rdamedia</subfield>
    </datafield>
    <datafield tag="338" ind1=" " ind2=" ">
      <subfield code="a">volume</subfield>
      <subfield code="b">nc</subfield>
      <subfield code="2">rdacarrier</subfield>
    </datafield>
    <datafield tag="490" ind1="1" ind2=" ">
      <subfield code="a">Plateaus - new directions in Deleuze studies</subfield>
    </datafield>
    <datafield tag="504" ind1=" " ind2=" ">
      <subfield code="a">Includes bibliographical references (pages 206-213) and index.</subfield>
    </datafield>
    <datafield tag="650" ind1=" " ind2="0">
      <subfield code="a">Philosophy</subfield>
      <subfield code="x">History.</subfield>
      <subfield code="0">http://id.loc.gov/authorities/subjects/sh85100850</subfield>
    </datafield>
    <datafield tag="650" ind1="1" ind2="7">
      <subfield code="a">Philosophy.</subfield>
      <subfield code="2">fast</subfield>
      <subfield code="0">http://id.worldcat.org/fast/1060777</subfield>
    </datafield>
    <datafield tag="650" ind1="2" ind2="7">
      <subfield code="a">History.</subfield>
      <subfield code="2">fast</subfield>
      <subfield code="0">http://id.worldcat.org/fast/958235</subfield>
    </datafield>
    <datafield tag="600" ind1="1" ind2="0">
      <subfield code="a">Deleuze, Gilles,</subfield>
      <subfield code="d">1925-1995</subfield>
      <subfield code="0">http://id.loc.gov/authorities/names/n79006797</subfield>
      <subfield code="x">Criticism and interpretation.</subfield>
      <subfield code="0">http://id.loc.gov/authorities/subjects/sh99005576</subfield>
    </datafield>
    <datafield tag="600" ind1="1" ind2="7">
      <subfield code="a">Deleuze, Gilles,</subfield>
      <subfield code="d">1925-1995.</subfield>
      <subfield code="2">fast</subfield>
      <subfield code="0">http://id.worldcat.org/fast/1427364</subfield>
    </datafield>
    <datafield tag="600" ind1=" " ind2="7">
      <subfield code="a">Deleuze, Gilles,</subfield>
      <subfield code="d">1925-1995.</subfield>
      <subfield code="2">fast</subfield>
      <subfield code="0">http://id.worldcat.org/fast/1427364</subfield>
    </datafield>
    <datafield tag="830" ind1=" " ind2="0">
      <subfield code="a">Plateaus</subfield>
      <subfield code="0">http://id.loc.gov/authorities/names/no2007105648</subfield>
    </datafield>
    <datafield tag="902" ind1=" " ind2=" ">
      <subfield code="a">160328</subfield>
    </datafield>
    <datafield tag="902" ind1=" " ind2=" ">
      <subfield code="a">MARCIVE-BF 20190703</subfield>
    </datafield>
    <datafield tag="904" ind1=" " ind2=" ">
      <subfield code="a">MARCIVE 20200629</subfield>
    </datafield>
    <datafield tag="907" ind1=" " ind2=" ">
      <subfield code="a">.b52559026</subfield>
      <subfield code="b">p    </subfield>
      <subfield code="c">-</subfield>
    </datafield>
    <datafield tag="945" ind1=" " ind2=" ">
      <subfield code="l">pstk </subfield>
      <subfield code="g">1</subfield>
    </datafield>
    <datafield tag="979" ind1=" " ind2=" ">
      <subfield code="a">ocn795846573</subfield>
    </datafield>
    <datafield tag="998" ind1=" " ind2=" ">
      <subfield code="b">1</subfield>
      <subfield code="c">120911</subfield>
      <subfield code="d">m</subfield>
      <subfield code="e">a</subfield>
      <subfield code="f">-</subfield>
      <subfield code="g">0</subfield>
    </datafield>
    <datafield tag="998" ind1=" " ind2=" ">
      <subfield code="a">09/11/12</subfield>
      <subfield code="s">OCLC</subfield>
      <subfield code="c">AT</subfield>
    </datafield>
    <datafield tag="ADM" ind1=" " ind2=" ">
      <subfield code="b">2020-07-24 11:48:38</subfield>
      <subfield code="e">b52559026-01tuli_inst</subfield>
      <subfield code="d">MARCIVE</subfield>
      <subfield code="f">20190607223543.0</subfield>
      <subfield code="a">2017-06-20 10:21:27</subfield>
      <subfield code="c">false</subfield>
    </datafield>
    <datafield tag="HLD" ind1="0" ind2=" ">
      <subfield code="b">ASRS</subfield>
      <subfield code="c">ASRS</subfield>
      <subfield code="h"> B2430.D454 </subfield>
      <subfield code="i"> L86 2012 </subfield>
      <subfield code="8">22464639560003811</subfield>
      <subfield code="updated">2019-05-02 20:37:54</subfield>
      <subfield code="created">2019-05-02 20:37:50</subfield>
    </datafield>
    <datafield tag="ITM" ind1=" " ind2=" ">
      <subfield code="r">22464639560003811</subfield>
      <subfield code="b">0</subfield>
      <subfield code="h">0</subfield>
      <subfield code="g">ASRS</subfield>
      <subfield code="t">BOOK</subfield>
      <subfield code="9">39074026510834</subfield>
      <subfield code="e">ASRS</subfield>
      <subfield code="8">23302224290003811</subfield>
      <subfield code="a">0</subfield>
      <subfield code="i">B2430.D454 L86 2012</subfield>
      <subfield code="updated">2020-08-31 12:56:55</subfield>
      <subfield code="u">LOAN</subfield>
      <subfield code="q">2017-06-20 10:21:27</subfield>
      <subfield code="d">ASRS</subfield>
      <subfield code="f">ASRS</subfield>
    </datafield>
  </record>