
  <record>
    <leader>05600cam a2200805 a 4500</leader>
    <controlfield tag="005">20190716102530.0</controlfield>
    <controlfield tag="008">100128t20112011onc      b    001 0 eng  </controlfield>
    <controlfield tag="001">991008546629703811</controlfield>
    <datafield tag="020" ind1=" " ind2=" ">
      <subfield code="a">9780802099839</subfield>
      <subfield code="q">cloth</subfield>
      <subfield code="q">alkaline paper</subfield>
    </datafield>
    <datafield tag="020" ind1=" " ind2=" ">
      <subfield code="a">0802099831</subfield>
      <subfield code="q">cloth</subfield>
      <subfield code="q">alkaline paper</subfield>
    </datafield>
    <datafield tag="020" ind1=" " ind2=" ">
      <subfield code="a">9780802096838</subfield>
      <subfield code="q">paper</subfield>
      <subfield code="q">alkaline paper</subfield>
    </datafield>
    <datafield tag="020" ind1=" " ind2=" ">
      <subfield code="a">0802096832</subfield>
      <subfield code="q">paper</subfield>
      <subfield code="q">alkaline paper</subfield>
    </datafield>
    <datafield tag="035" ind1=" " ind2=" ">
      <subfield code="a">(PPT)b45759066-01tuli_inst</subfield>
    </datafield>
    <datafield tag="035" ind1=" " ind2=" ">
      <subfield code="a">(OCoLC)ocn740701147</subfield>
      <subfield code="9">ExL</subfield>
    </datafield>
    <datafield tag="035" ind1=" " ind2=" ">
      <subfield code="a">(OCoLC)466659912</subfield>
      <subfield code="z">(OCoLC)466659915</subfield>
    </datafield>
    <datafield tag="035" ind1=" " ind2=" ">
      <subfield code="a">ocn466659912</subfield>
    </datafield>
    <datafield tag="035" ind1=" " ind2=" ">
      <subfield code="a">(OCLC)ocn466659912</subfield>
    </datafield>
    <datafield tag="040" ind1=" " ind2=" ">
      <subfield code="a">NLM</subfield>
      <subfield code="b">eng</subfield>
      <subfield code="c">NLM</subfield>
      <subfield code="d">NLC</subfield>
      <subfield code="d">YDXCP</subfield>
      <subfield code="d">CDX</subfield>
      <subfield code="d">NTD</subfield>
      <subfield code="d">BWX</subfield>
      <subfield code="d">IQU</subfield>
      <subfield code="d">SDB</subfield>
      <subfield code="d">LHU</subfield>
    </datafield>
    <datafield tag="042" ind1=" " ind2=" ">
      <subfield code="a">nlmcopyc</subfield>
    </datafield>
    <datafield tag="043" ind1=" " ind2=" ">
      <subfield code="a">n-cn---</subfield>
    </datafield>
    <datafield tag="049" ind1=" " ind2=" ">
      <subfield code="a">IG$A</subfield>
    </datafield>
    <datafield tag="079" ind1=" " ind2=" ">
      <subfield code="a">ocn466659912</subfield>
    </datafield>
    <datafield tag="090" ind1=" " ind2=" ">
      <subfield code="a">TP248.23</subfield>
      <subfield code="b">.B43 2011</subfield>
    </datafield>
    <datafield tag="245" ind1="0" ind2="0">
      <subfield code="a">Becoming biosubjects :</subfield>
      <subfield code="b">bodies, systems, technologies /</subfield>
      <subfield code="c">Neil Gerlach ... [and others].</subfield>
    </datafield>
    <datafield tag="264" ind1=" " ind2="1">
      <subfield code="a">Toronto [Ont.] ;</subfield>
      <subfield code="a">Buffalo [N.Y.] :</subfield>
      <subfield code="b">University of Toronto Press,</subfield>
      <subfield code="c">[2011]</subfield>
    </datafield>
    <datafield tag="264" ind1=" " ind2="4">
      <subfield code="c">&#xA9;2011</subfield>
    </datafield>
    <datafield tag="300" ind1=" " ind2=" ">
      <subfield code="a">viii, 216 pages ;</subfield>
      <subfield code="c">24 cm.</subfield>
    </datafield>
    <datafield tag="336" ind1=" " ind2=" ">
      <subfield code="a">text</subfield>
      <subfield code="b">txt</subfield>
      <subfield code="2">rdacontent</subfield>
    </datafield>
    <datafield tag="337" ind1=" " ind2=" ">
      <subfield code="a">unmediated</subfield>
      <subfield code="b">n</subfield>
      <subfield code="2">rdamedia</subfield>
    </datafield>
    <datafield tag="338" ind1=" " ind2=" ">
      <subfield code="a">volume</subfield>
      <subfield code="b">nc</subfield>
      <subfield code="2">rdacarrier</subfield>
    </datafield>
    <datafield tag="490" ind1="1" ind2=" ">
      <subfield code="a">Cultural studies series</subfield>
    </datafield>
    <datafield tag="504" ind1=" " ind2=" ">
      <subfield code="a">Includes bibliographical references (pages [195]-209) and index.</subfield>
    </datafield>
    <datafield tag="505" ind1="0" ind2=" ">
      <subfield code="a">DNA identification and genetic justice -- The sexual politics of biotechnology -- Biopatents and the ownership of life -- Biosecurity, bioterrorism, and epidemic -- Conclusion : Becoming biosubjects.</subfield>
    </datafield>
    <datafield tag="520" ind1=" " ind2=" ">
      <subfield code="a">"Becoming Biosubjects examines the ways in which the Canadian government, media, courts, and everyday Canadians are making sense of the challenges being posed by biotechnologies. The authors argue that the human body is now being understood as something that is fluid and without fixed meaning. This has significant implications both for how we understand ourselves and how we see our relationships with other forms of life.</subfield>
    </datafield>
    <datafield tag="520" ind1=" " ind2=" ">
      <subfield code="a">Focusing on four major issues, the authors examine the ways in which genetic technologies are shaping criminal justice practices, how policies on reproductive technologies have shifted in response to biotechnologies, the debates surrounding the patenting of higher life forms, and the Canadian (and global) response to bioterrorism. Regulatory strategies in government and the courts are continually evolving and are affected by changing public perceptions of scientific knowledge. The legal and cultural shifts outlined in Becoming Biosubjects call into question what it means to be a Canadian, a citizen, and a human being."--pub. desc.</subfield>
    </datafield>
    <datafield tag="650" ind1="1" ind2="2">
      <subfield code="a">Bioethical Issues.</subfield>
      <subfield code="0">https://id.nlm.nih.gov/mesh/D026688</subfield>
    </datafield>
    <datafield tag="650" ind1=" " ind2="7">
      <subfield code="a">Bioterrorism</subfield>
      <subfield code="x">Prevention.</subfield>
      <subfield code="2">fast</subfield>
      <subfield code="0">http://id.worldcat.org/fast/832826</subfield>
    </datafield>
    <datafield tag="650" ind1=" " ind2="7">
      <subfield code="a">Bioterrorism.</subfield>
      <subfield code="2">fast</subfield>
      <subfield code="0">http://id.worldcat.org/fast/832824</subfield>
    </datafield>
    <datafield tag="650" ind1=" " ind2="7">
      <subfield code="a">Biotechnology.</subfield>
      <subfield code="2">fast</subfield>
      <subfield code="0">http://id.worldcat.org/fast/832729</subfield>
    </datafield>
    <datafield tag="650" ind1=" " ind2="7">
      <subfield code="a">Reproductive technology.</subfield>
      <subfield code="2">fast</subfield>
      <subfield code="0">http://id.worldcat.org/fast/1095008</subfield>
    </datafield>
    <datafield tag="650" ind1=" " ind2="7">
      <subfield code="a">Forensic genetics</subfield>
      <subfield code="x">Technique.</subfield>
      <subfield code="2">fast</subfield>
      <subfield code="0">http://id.worldcat.org/fast/931966</subfield>
    </datafield>
    <datafield tag="650" ind1=" " ind2="7">
      <subfield code="a">Human body.</subfield>
      <subfield code="2">fast</subfield>
      <subfield code="0">http://id.worldcat.org/fast/1730057</subfield>
    </datafield>
    <datafield tag="650" ind1=" " ind2="7">
      <subfield code="a">Genetic engineering</subfield>
      <subfield code="x">Social aspects.</subfield>
      <subfield code="2">fast</subfield>
      <subfield code="0">http://id.worldcat.org/fast/940056</subfield>
    </datafield>
    <datafield tag="650" ind1=" " ind2="7">
      <subfield code="a">Biotechnology</subfield>
      <subfield code="x">Social aspects.</subfield>
      <subfield code="2">fast</subfield>
      <subfield code="0">http://id.worldcat.org/fast/832780</subfield>
    </datafield>
    <datafield tag="650" ind1="1" ind2="7">
      <subfield code="a">Bioterrorism.</subfield>
      <subfield code="2">fast</subfield>
      <subfield code="0">http://id.worldcat.org/fast/832824</subfield>
    </datafield>
    <datafield tag="650" ind1="1" ind2="7">
      <subfield code="a">Biotechnology.</subfield>
      <subfield code="2">fast</subfield>
      <subfield code="0">http://id.worldcat.org/fast/832729</subfield>
    </datafield>
    <datafield tag="650" ind1="1" ind2="7">
      <subfield code="a">Reproductive technology.</subfield>
      <subfield code="2">fast</subfield>
      <subfield code="0">http://id.worldcat.org/fast/1095008</subfield>
    </datafield>
    <datafield tag="650" ind1="2" ind2="7">
      <subfield code="a">Government policy.</subfield>
      <subfield code="2">fast</subfield>
      <subfield code="0">http://id.worldcat.org/fast/1353198</subfield>
    </datafield>
    <datafield tag="650" ind1="1" ind2="7">
      <subfield code="a">Criminal justice, Administration of.</subfield>
      <subfield code="2">fast</subfield>
      <subfield code="0">http://id.worldcat.org/fast/883246</subfield>
    </datafield>
    <datafield tag="650" ind1="1" ind2="7">
      <subfield code="a">Genetic engineering</subfield>
      <subfield code="x">Social aspects.</subfield>
      <subfield code="2">fast</subfield>
      <subfield code="0">http://id.worldcat.org/fast/940056</subfield>
    </datafield>
    <datafield tag="650" ind1="1" ind2="7">
      <subfield code="a">Biotechnology</subfield>
      <subfield code="x">Social aspects.</subfield>
      <subfield code="2">fast</subfield>
      <subfield code="0">http://id.worldcat.org/fast/832780</subfield>
    </datafield>
    <datafield tag="650" ind1="1" ind2="2">
      <subfield code="a">Biotechnology</subfield>
      <subfield code="x">ethics.</subfield>
      <subfield code="0">https://id.nlm.nih.gov/mesh/D001709Q000941</subfield>
    </datafield>
    <datafield tag="650" ind1="2" ind2="2">
      <subfield code="a">Bioterrorism</subfield>
      <subfield code="x">prevention &amp; control.</subfield>
      <subfield code="0">https://id.nlm.nih.gov/mesh/D023482Q000517</subfield>
    </datafield>
    <datafield tag="650" ind1="2" ind2="2">
      <subfield code="a">Genetic Engineering</subfield>
      <subfield code="x">ethics.</subfield>
      <subfield code="0">https://id.nlm.nih.gov/mesh/D005818Q000941</subfield>
    </datafield>
    <datafield tag="650" ind1="2" ind2="2">
      <subfield code="a">Genetics, Medical</subfield>
      <subfield code="x">ethics.</subfield>
      <subfield code="0">https://id.nlm.nih.gov/mesh/D005826Q000941</subfield>
    </datafield>
    <datafield tag="650" ind1="2" ind2="2">
      <subfield code="a">Human Body.</subfield>
      <subfield code="0">https://id.nlm.nih.gov/mesh/D018594</subfield>
    </datafield>
    <datafield tag="650" ind1=" " ind2="0">
      <subfield code="a">Biotechnology</subfield>
      <subfield code="x">Social aspects</subfield>
      <subfield code="0">http://id.loc.gov/authorities/subjects/sh2007102019</subfield>
      <subfield code="z">Canada.</subfield>
      <subfield code="0">http://id.loc.gov/authorities/names/n79007233</subfield>
    </datafield>
    <datafield tag="650" ind1=" " ind2="0">
      <subfield code="a">Genetic engineering</subfield>
      <subfield code="x">Social aspects</subfield>
      <subfield code="0">http://id.loc.gov/authorities/subjects/sh2008105125</subfield>
      <subfield code="z">Canada.</subfield>
      <subfield code="0">http://id.loc.gov/authorities/names/n79007233</subfield>
    </datafield>
    <datafield tag="650" ind1=" " ind2="0">
      <subfield code="a">Human body.</subfield>
      <subfield code="0">http://id.loc.gov/authorities/subjects/sh85015222</subfield>
    </datafield>
    <datafield tag="650" ind1=" " ind2="0">
      <subfield code="a">Forensic genetics</subfield>
      <subfield code="x">Technique.</subfield>
      <subfield code="0">http://id.loc.gov/authorities/subjects/sh89002224</subfield>
    </datafield>
    <datafield tag="650" ind1=" " ind2="0">
      <subfield code="a">Criminal justice, Administration of</subfield>
      <subfield code="z">Canada.</subfield>
      <subfield code="0">http://id.loc.gov/authorities/subjects/sh86006643</subfield>
    </datafield>
    <datafield tag="650" ind1=" " ind2="0">
      <subfield code="a">Reproductive technology</subfield>
      <subfield code="0">http://id.loc.gov/authorities/subjects/sh88005586</subfield>
      <subfield code="x">Government policy</subfield>
      <subfield code="0">http://id.loc.gov/authorities/subjects/sh99005269</subfield>
      <subfield code="z">Canada.</subfield>
      <subfield code="0">http://id.loc.gov/authorities/names/n79007233</subfield>
    </datafield>
    <datafield tag="650" ind1=" " ind2="0">
      <subfield code="a">Biotechnology</subfield>
      <subfield code="0">http://id.loc.gov/authorities/subjects/sh85014263</subfield>
      <subfield code="z">Canada</subfield>
      <subfield code="0">http://id.loc.gov/authorities/names/n79007233</subfield>
      <subfield code="v">Patents.</subfield>
      <subfield code="0">http://id.loc.gov/authorities/subjects/sh99001711</subfield>
    </datafield>
    <datafield tag="650" ind1=" " ind2="0">
      <subfield code="a">Bioterrorism</subfield>
      <subfield code="0">http://id.loc.gov/authorities/subjects/sh00006846</subfield>
      <subfield code="z">Canada</subfield>
      <subfield code="0">http://id.loc.gov/authorities/names/n79007233</subfield>
      <subfield code="x">Prevention.</subfield>
      <subfield code="0">http://id.loc.gov/authorities/subjects/sh99002416</subfield>
    </datafield>
    <datafield tag="650" ind1=" " ind2="0">
      <subfield code="a">Bioterrorism</subfield>
      <subfield code="x">Prevention.</subfield>
      <subfield code="0">http://id.loc.gov/authorities/subjects/sh2009117085</subfield>
    </datafield>
    <datafield tag="651" ind1="2" ind2="2">
      <subfield code="a">Canada.</subfield>
      <subfield code="0">https://id.nlm.nih.gov/mesh/D002170</subfield>
    </datafield>
    <datafield tag="651" ind1="2" ind2="7">
      <subfield code="a">Canada.</subfield>
      <subfield code="2">fast</subfield>
      <subfield code="0">http://id.worldcat.org/fast/1204310</subfield>
    </datafield>
    <datafield tag="655" ind1=" " ind2="7">
      <subfield code="a">Patents.</subfield>
      <subfield code="2">lcgft</subfield>
      <subfield code="0">http://id.loc.gov/authorities/genreForms/gf2011026438</subfield>
    </datafield>
    <datafield tag="655" ind1=" " ind2="7">
      <subfield code="a">Patents.</subfield>
      <subfield code="2">fast</subfield>
      <subfield code="0">http://id.worldcat.org/fast/1423842</subfield>
    </datafield>
    <datafield tag="655" ind1="2" ind2="7">
      <subfield code="a">Patents.</subfield>
      <subfield code="2">fast</subfield>
      <subfield code="0">http://id.worldcat.org/fast/1423842</subfield>
    </datafield>
    <datafield tag="700" ind1="1" ind2=" ">
      <subfield code="a">Gerlach, Neil,</subfield>
      <subfield code="d">1963-</subfield>
      <subfield code="0">http://id.loc.gov/authorities/names/n2005006315</subfield>
    </datafield>
    <datafield tag="830" ind1=" " ind2="0">
      <subfield code="a">Cultural studies series (Toronto, Ont.)</subfield>
    </datafield>
    <datafield tag="902" ind1=" " ind2=" ">
      <subfield code="a">151006</subfield>
    </datafield>
    <datafield tag="902" ind1=" " ind2=" ">
      <subfield code="a">MARCIVE-BF 20190703</subfield>
    </datafield>
    <datafield tag="904" ind1=" " ind2=" ">
      <subfield code="a">MARCIVE 20200629</subfield>
    </datafield>
    <datafield tag="907" ind1=" " ind2=" ">
      <subfield code="a">.b45759066</subfield>
      <subfield code="b">p    </subfield>
      <subfield code="c">-</subfield>
    </datafield>
    <datafield tag="945" ind1=" " ind2=" ">
      <subfield code="l">pstk </subfield>
      <subfield code="g">1</subfield>
    </datafield>
    <datafield tag="979" ind1=" " ind2=" ">
      <subfield code="a">ocn466659912</subfield>
    </datafield>
    <datafield tag="998" ind1=" " ind2=" ">
      <subfield code="b">1</subfield>
      <subfield code="c">110629</subfield>
      <subfield code="d">m</subfield>
      <subfield code="e">a</subfield>
      <subfield code="f">-</subfield>
      <subfield code="g">0</subfield>
    </datafield>
    <datafield tag="ADM" ind1=" " ind2=" ">
      <subfield code="b">2020-09-08 23:22:16</subfield>
      <subfield code="e">b45759066-01tuli_inst</subfield>
      <subfield code="d">MARCIVE</subfield>
      <subfield code="f">20190607170830.0</subfield>
      <subfield code="a">2017-06-20 12:08:54</subfield>
      <subfield code="c">false</subfield>
    </datafield>
    <datafield tag="HLD" ind1="0" ind2=" ">
      <subfield code="b">ASRS</subfield>
      <subfield code="c">ASRS</subfield>
      <subfield code="h"> TP248.23 </subfield>
      <subfield code="i"> .B43 2011 </subfield>
      <subfield code="8">22464915180003811</subfield>
      <subfield code="updated">2019-05-03 16:22:04</subfield>
      <subfield code="created">2019-05-03 16:21:59</subfield>
    </datafield>
    <datafield tag="ITM" ind1=" " ind2=" ">
      <subfield code="r">22464915180003811</subfield>
      <subfield code="b">1</subfield>
      <subfield code="h">0</subfield>
      <subfield code="g">ASRS</subfield>
      <subfield code="t">BOOK</subfield>
      <subfield code="9">39074026292524</subfield>
      <subfield code="e">ASRS</subfield>
      <subfield code="8">23316134520003811</subfield>
      <subfield code="a">0</subfield>
      <subfield code="i">TP248.23 .B43 2011</subfield>
      <subfield code="updated">2019-05-03 16:22:31</subfield>
      <subfield code="q">2017-06-20 12:08:54</subfield>
      <subfield code="d">ASRS</subfield>
      <subfield code="f">ASRS</subfield>
    </datafield>
  </record>