
  <record>
    <leader>05016cam a2200565 i 4500</leader>
    <controlfield tag="005">20190716040025.0</controlfield>
    <controlfield tag="008">160528t20172017enk      b    001 0 eng  </controlfield>
    <controlfield tag="001">991030167259703811</controlfield>
    <datafield tag="010" ind1=" " ind2=" ">
      <subfield code="a">2016023284</subfield>
    </datafield>
    <datafield tag="020" ind1=" " ind2=" ">
      <subfield code="a">9781474224499</subfield>
      <subfield code="q">(hardcover)</subfield>
    </datafield>
    <datafield tag="020" ind1=" " ind2=" ">
      <subfield code="a">1474224490</subfield>
      <subfield code="q">(hardcover)</subfield>
    </datafield>
    <datafield tag="020" ind1=" " ind2=" ">
      <subfield code="a">9781474224529</subfield>
      <subfield code="q">(paperback)</subfield>
    </datafield>
    <datafield tag="020" ind1=" " ind2=" ">
      <subfield code="a">1474224520</subfield>
      <subfield code="q">(paperback)</subfield>
    </datafield>
    <datafield tag="020" ind1=" " ind2=" ">
      <subfield code="z">9781474224543</subfield>
      <subfield code="q">(electronic book)</subfield>
    </datafield>
    <datafield tag="020" ind1=" " ind2=" ">
      <subfield code="z">9781474224550</subfield>
      <subfield code="q">(electronic publication)</subfield>
    </datafield>
    <datafield tag="035" ind1=" " ind2=" ">
      <subfield code="a">(PPT)b64145347-01tuli_inst</subfield>
    </datafield>
    <datafield tag="035" ind1=" " ind2=" ">
      <subfield code="a">(OCoLC)955778757</subfield>
    </datafield>
    <datafield tag="035" ind1=" " ind2=" ">
      <subfield code="a">ocn955778757</subfield>
    </datafield>
    <datafield tag="035" ind1=" " ind2=" ">
      <subfield code="a">(OCLC)ocn955778757</subfield>
    </datafield>
    <datafield tag="040" ind1=" " ind2=" ">
      <subfield code="a">DLC</subfield>
      <subfield code="b">eng</subfield>
      <subfield code="e">rda</subfield>
      <subfield code="c">DLC</subfield>
      <subfield code="d">ERASA</subfield>
      <subfield code="d">OCLCF</subfield>
      <subfield code="d">YDX</subfield>
      <subfield code="d">YDX</subfield>
    </datafield>
    <datafield tag="042" ind1=" " ind2=" ">
      <subfield code="a">pcc</subfield>
    </datafield>
    <datafield tag="079" ind1=" " ind2=" ">
      <subfield code="a">ocn955778757</subfield>
    </datafield>
    <datafield tag="090" ind1=" " ind2=" ">
      <subfield code="a">BL2747.8</subfield>
      <subfield code="b">.B758 2017</subfield>
    </datafield>
    <datafield tag="100" ind1="1" ind2=" ">
      <subfield code="a">Brown, Callum G.,</subfield>
      <subfield code="d">1953-</subfield>
      <subfield code="0">http://id.loc.gov/authorities/names/n86065970</subfield>
      <subfield code="e">author.</subfield>
    </datafield>
    <datafield tag="245" ind1="1" ind2="0">
      <subfield code="a">Becoming atheist :</subfield>
      <subfield code="b">humanism and the secular West /</subfield>
      <subfield code="c">Callum G. Brown.</subfield>
    </datafield>
    <datafield tag="264" ind1=" " ind2="1">
      <subfield code="a">London ;</subfield>
      <subfield code="a">New York, NY :</subfield>
      <subfield code="b">Bloomsbury Academic, an imprint of Bloomsbury Publishing, Plc,</subfield>
      <subfield code="c">2017.</subfield>
    </datafield>
    <datafield tag="264" ind1=" " ind2="4">
      <subfield code="c">&#xA9;2017</subfield>
    </datafield>
    <datafield tag="300" ind1=" " ind2=" ">
      <subfield code="a">x, 231 pages ;</subfield>
      <subfield code="c">23 cm</subfield>
    </datafield>
    <datafield tag="336" ind1=" " ind2=" ">
      <subfield code="a">text</subfield>
      <subfield code="b">txt</subfield>
      <subfield code="2">rdacontent</subfield>
    </datafield>
    <datafield tag="337" ind1=" " ind2=" ">
      <subfield code="a">unmediated</subfield>
      <subfield code="b">n</subfield>
      <subfield code="2">rdamedia</subfield>
    </datafield>
    <datafield tag="338" ind1=" " ind2=" ">
      <subfield code="a">volume</subfield>
      <subfield code="b">nc</subfield>
      <subfield code="2">rdacarrier</subfield>
    </datafield>
    <datafield tag="504" ind1=" " ind2=" ">
      <subfield code="a">Includes bibliographical references and index.</subfield>
    </datafield>
    <datafield tag="520" ind1="8" ind2=" ">
      <subfield code="a">The Western World is becoming atheist. In the space of three generations churchgoing and religious belief have become alien to millions. We are in the midst of one of humankind's great cultural changes. How has this happened? Becoming Atheist explores how people of the sixties' generation have come to live their lives as if there is no God. It tells the life narratives of those from Britain, Western Europe, the United States and Canada who came from Christian, Jewish and other backgrounds to be without faith. Based on interviews with 85 people born in 18 countries, Callum Brown shows how gender, ethnicity and childhood shape how individuals lose religion. This book moves from statistical and broad cultural analysis to use frank, humorous and sometimes harrowing personal testimony. "Becoming Atheist" exposes people's role in renegotiating their own identities, and fashioning a secular and humanist culture for the Western world.</subfield>
    </datafield>
    <datafield tag="505" ind1="0" ind2=" ">
      <subfield code="a">Introduction -- One by one -- Imagining secularization -- Of numbers and cultures -- What is the secular? -- Researching the little imagined atheist -- Narratives of Belief and Unbelief -- Oral history and religion -- The Christian self -- The fortified religious self -- Race and ethnicity -- Tire feminist liberation narrative -- Secularization narratives -- Conclusion -- The Atheist Child -- Religion and child development -- Religious childhoods -- Growing up faithless -- Converting the family -- Childhood disaffection -- The child atheist -- 'What colour is life?' The youthful maturation of atheism -- The Silent and Indifferent Atheist -- Approaching indifference -- The silence of non-belief -- The character of indifference -- Leaving indifference -- Women, Feminism and Becoming Faithless -- Narrating the gendered non-religious self -- 'It's really rotten being a woman sometimes': Trauma and the family -- 'To be a person': Living feminism and the loss of religion -- The New Age and 'absolutely no god thing' -- Flying through the air -- Men, Reason and Radicalism -- Absences and silences -- Reason - the male prerogative? -- Leaving the priesthood -- Reading -- Deserting dysfunction -- Trauma -- Being an atheist man -- Atheism and Ethnicity -- The African American -- The Jews -- The Muslim -- The Hindus -- The whites -- It's not for me to judge humanism -- The Humanist Condition -- After religion -- The hesitant atheist -- Finding the humanist condition -- Becoming atheist with a heart -- The transition generation.</subfield>
    </datafield>
    <datafield tag="650" ind1=" " ind2="0">
      <subfield code="a">Secularism</subfield>
      <subfield code="0">http://id.loc.gov/authorities/subjects/sh85119460</subfield>
      <subfield code="x">History</subfield>
      <subfield code="y">20th century.</subfield>
      <subfield code="0">http://id.loc.gov/authorities/subjects/sh2002006165</subfield>
    </datafield>
    <datafield tag="650" ind1=" " ind2="7">
      <subfield code="a">Secularism.</subfield>
      <subfield code="2">fast</subfield>
      <subfield code="0">http://id.worldcat.org/fast/1110732</subfield>
    </datafield>
    <datafield tag="650" ind1=" " ind2="0">
      <subfield code="a">Atheism</subfield>
      <subfield code="x">History</subfield>
      <subfield code="0">http://id.loc.gov/authorities/subjects/sh85009110</subfield>
      <subfield code="y">20th century.</subfield>
      <subfield code="0">http://id.loc.gov/authorities/subjects/sh2002012476</subfield>
    </datafield>
    <datafield tag="650" ind1=" " ind2="0">
      <subfield code="a">Secularization (Theology)</subfield>
      <subfield code="0">http://id.loc.gov/authorities/subjects/sh85119462</subfield>
      <subfield code="x">History</subfield>
      <subfield code="y">20th century.</subfield>
      <subfield code="0">http://id.loc.gov/authorities/subjects/sh2002006165</subfield>
    </datafield>
    <datafield tag="650" ind1=" " ind2="7">
      <subfield code="a">Secularization (Theology)</subfield>
      <subfield code="2">fast</subfield>
      <subfield code="0">http://id.worldcat.org/fast/1110740</subfield>
    </datafield>
    <datafield tag="650" ind1=" " ind2="7">
      <subfield code="a">Atheism.</subfield>
      <subfield code="2">fast</subfield>
      <subfield code="0">http://id.worldcat.org/fast/819974</subfield>
    </datafield>
    <datafield tag="650" ind1="1" ind2="7">
      <subfield code="a">Secularization (Theology)</subfield>
      <subfield code="2">fast</subfield>
      <subfield code="0">http://id.worldcat.org/fast/1110740</subfield>
    </datafield>
    <datafield tag="650" ind1="2" ind2="7">
      <subfield code="a">History.</subfield>
      <subfield code="2">fast</subfield>
      <subfield code="0">http://id.worldcat.org/fast/958235</subfield>
    </datafield>
    <datafield tag="650" ind1="1" ind2="7">
      <subfield code="a">Atheism.</subfield>
      <subfield code="2">fast</subfield>
      <subfield code="0">http://id.worldcat.org/fast/819974</subfield>
    </datafield>
    <datafield tag="650" ind1="1" ind2="7">
      <subfield code="a">Secularism.</subfield>
      <subfield code="2">fast</subfield>
      <subfield code="0">http://id.worldcat.org/fast/1110732</subfield>
    </datafield>
    <datafield tag="655" ind1=" " ind2="7">
      <subfield code="a">History.</subfield>
      <subfield code="2">fast</subfield>
      <subfield code="0">http://id.worldcat.org/fast/1411628</subfield>
    </datafield>
    <datafield tag="648" ind1=" " ind2="7">
      <subfield code="a">1900-1999</subfield>
      <subfield code="2">fast</subfield>
    </datafield>
    <datafield tag="648" ind1=" " ind2="7">
      <subfield code="a">20th century.</subfield>
      <subfield code="2">fast</subfield>
    </datafield>
    <datafield tag="776" ind1="0" ind2="8">
      <subfield code="i">Online version:</subfield>
      <subfield code="a">Brown, Callum G., 1953- author.</subfield>
      <subfield code="t">Becoming atheist</subfield>
      <subfield code="d">London ; New York, NY : Bloomsbury Academic, an imprint of Bloomsbury Publishing, Plc, [2017]</subfield>
      <subfield code="z">9781474224543</subfield>
      <subfield code="w">(DLC) 2016036286</subfield>
    </datafield>
    <datafield tag="902" ind1=" " ind2=" ">
      <subfield code="a">MARCIVE-BF 20190703</subfield>
    </datafield>
    <datafield tag="903" ind1=" " ind2=" ">
      <subfield code="a">MARCIVE-TOC201904</subfield>
    </datafield>
    <datafield tag="904" ind1=" " ind2=" ">
      <subfield code="a">MARCIVE 20200629</subfield>
    </datafield>
    <datafield tag="907" ind1=" " ind2=" ">
      <subfield code="a">.b64145347</subfield>
      <subfield code="b">p    </subfield>
      <subfield code="c">-</subfield>
    </datafield>
    <datafield tag="945" ind1=" " ind2=" ">
      <subfield code="l">pstk </subfield>
      <subfield code="g">1</subfield>
    </datafield>
    <datafield tag="979" ind1=" " ind2=" ">
      <subfield code="a">ocn955778757</subfield>
    </datafield>
    <datafield tag="998" ind1=" " ind2=" ">
      <subfield code="b">1</subfield>
      <subfield code="c">170405</subfield>
      <subfield code="d">m</subfield>
      <subfield code="e">a</subfield>
      <subfield code="f">-</subfield>
      <subfield code="g">0</subfield>
    </datafield>
    <datafield tag="ADM" ind1=" " ind2=" ">
      <subfield code="b">2020-07-24 11:35:17</subfield>
      <subfield code="e">b64145347-01tuli_inst</subfield>
      <subfield code="d">MARCIVE</subfield>
      <subfield code="f">20190607214959.0</subfield>
      <subfield code="a">2017-06-20 06:11:38</subfield>
      <subfield code="c">false</subfield>
    </datafield>
    <datafield tag="HLD" ind1="0" ind2=" ">
      <subfield code="b">MAIN</subfield>
      <subfield code="c">stacks</subfield>
      <subfield code="h">BL2747.8</subfield>
      <subfield code="i">.B758 2017</subfield>
      <subfield code="8">22243007570003811</subfield>
      <subfield code="created">2017-06-20 06:11:38</subfield>
    </datafield>
    <datafield tag="ITM" ind1=" " ind2=" ">
      <subfield code="r">22243007570003811</subfield>
      <subfield code="b">1</subfield>
      <subfield code="h">0</subfield>
      <subfield code="g">stacks</subfield>
      <subfield code="t">BOOK</subfield>
      <subfield code="9">39074030208870</subfield>
      <subfield code="e">stacks</subfield>
      <subfield code="8">23243007560003811</subfield>
      <subfield code="a">0</subfield>
      <subfield code="i">BL2747.8 .B758 2017</subfield>
      <subfield code="updated">2017-06-20 06:12:16</subfield>
      <subfield code="q">2017-06-20 06:11:38</subfield>
      <subfield code="d">MAIN</subfield>
      <subfield code="f">MAIN</subfield>
    </datafield>
  </record>