
  <record>
    <leader>02608cam a2200469 i 4500</leader>
    <controlfield tag="005">20190930174617.0</controlfield>
    <controlfield tag="008">180126s2019    njuab    b    001 0 eng  </controlfield>
    <controlfield tag="001">991036959309003811</controlfield>
    <datafield tag="010" ind1=" " ind2=" ">
      <subfield code="a">  2017060242</subfield>
    </datafield>
    <datafield tag="020" ind1=" " ind2=" ">
      <subfield code="a">9780813596990</subfield>
      <subfield code="q">(hardcover ;)</subfield>
      <subfield code="q">(alkaline paper)</subfield>
    </datafield>
    <datafield tag="020" ind1=" " ind2=" ">
      <subfield code="a">0813596998</subfield>
      <subfield code="q">(hardcover ;)</subfield>
      <subfield code="q">(alkaline paper)</subfield>
    </datafield>
    <datafield tag="020" ind1=" " ind2=" ">
      <subfield code="a">9780813596983</subfield>
      <subfield code="q">(paperback ;)</subfield>
      <subfield code="q">(alkaline paper)</subfield>
    </datafield>
    <datafield tag="020" ind1=" " ind2=" ">
      <subfield code="a">081359698X</subfield>
      <subfield code="q">(paperback ;)</subfield>
      <subfield code="q">(alkaline paper)</subfield>
    </datafield>
    <datafield tag="020" ind1=" " ind2=" ">
      <subfield code="z">9780813597003</subfield>
      <subfield code="q">(electronic publication)</subfield>
    </datafield>
    <datafield tag="020" ind1=" " ind2=" ">
      <subfield code="z">9780813597027</subfield>
      <subfield code="q">(welectronic book electronic book)</subfield>
    </datafield>
    <datafield tag="035" ind1=" " ind2=" ">
      <subfield code="a">(OCoLC)1021062008</subfield>
    </datafield>
    <datafield tag="040" ind1=" " ind2=" ">
      <subfield code="a">DLC</subfield>
      <subfield code="b">eng</subfield>
      <subfield code="e">rda</subfield>
      <subfield code="c">DLC</subfield>
      <subfield code="d">OCLCO</subfield>
      <subfield code="d">BDX</subfield>
      <subfield code="d">OCLCF</subfield>
      <subfield code="d">YDX</subfield>
      <subfield code="d">OCLCQ</subfield>
      <subfield code="d">OCLCA</subfield>
      <subfield code="d">YDX</subfield>
      <subfield code="d">OCLCO</subfield>
    </datafield>
    <datafield tag="042" ind1=" " ind2=" ">
      <subfield code="a">pcc</subfield>
    </datafield>
    <datafield tag="043" ind1=" " ind2=" ">
      <subfield code="a">ncbh---</subfield>
    </datafield>
    <datafield tag="050" ind1="0" ind2="0">
      <subfield code="a">F1457.A1</subfield>
      <subfield code="b">J64 2019</subfield>
    </datafield>
    <datafield tag="082" ind1="0" ind2="0">
      <subfield code="a">305.8/059602107282</subfield>
      <subfield code="2">23</subfield>
    </datafield>
    <datafield tag="100" ind1="1" ind2=" ">
      <subfield code="a">Johnson, Melissa A.,</subfield>
      <subfield code="d">1962-</subfield>
      <subfield code="0">http://id.loc.gov/authorities/names/n2018004763</subfield>
      <subfield code="e">author.</subfield>
    </datafield>
    <datafield tag="245" ind1="1" ind2="0">
      <subfield code="a">Becoming Creole :</subfield>
      <subfield code="b">nature and race in Belize /</subfield>
      <subfield code="c">Melissa A. Johnson.</subfield>
    </datafield>
    <datafield tag="264" ind1=" " ind2="1">
      <subfield code="a">New Brunswick, New Jersey :</subfield>
      <subfield code="b">Rutgers University Press,</subfield>
      <subfield code="c">[2019]</subfield>
    </datafield>
    <datafield tag="300" ind1=" " ind2=" ">
      <subfield code="a">xi, 229 pages ;</subfield>
      <subfield code="c">24 cm.</subfield>
    </datafield>
    <datafield tag="336" ind1=" " ind2=" ">
      <subfield code="a">text</subfield>
      <subfield code="b">txt</subfield>
      <subfield code="2">rdacontent</subfield>
    </datafield>
    <datafield tag="337" ind1=" " ind2=" ">
      <subfield code="a">unmediated</subfield>
      <subfield code="b">n</subfield>
      <subfield code="2">rdamedia</subfield>
    </datafield>
    <datafield tag="338" ind1=" " ind2=" ">
      <subfield code="a">volume</subfield>
      <subfield code="b">nc</subfield>
      <subfield code="2">rdacarrier</subfield>
    </datafield>
    <datafield tag="490" ind1="1" ind2=" ">
      <subfield code="a">Critical Caribbean studies</subfield>
    </datafield>
    <datafield tag="504" ind1=" " ind2=" ">
      <subfield code="a">Includes bibliographical references and index.</subfield>
    </datafield>
    <datafield tag="505" ind1="0" ind2=" ">
      <subfield code="a">Introduction: becoming Creole -- Hewers of wood : histories of nature, race and becoming -- Bush: racing the more than human -- Living in a powerful world -- Entangling the more than human : becoming Creole -- Wildlife conservation, nature tourism and Creole becomings -- Transnational becomings : from deer sausage to tilapia -- Conclusion: livity and (human) being -- Appendix/glossary: Belizean Kriol words and the more than human? -- Bibliography -- Index -- About the author.</subfield>
    </datafield>
    <datafield tag="650" ind1=" " ind2="0">
      <subfield code="a">Ethnology</subfield>
      <subfield code="0">http://id.loc.gov/authorities/subjects/sh85045198</subfield>
      <subfield code="z">Belize.</subfield>
      <subfield code="0">http://id.loc.gov/authorities/names/n79126944</subfield>
    </datafield>
    <datafield tag="650" ind1=" " ind2="7">
      <subfield code="a">Ethnology.</subfield>
      <subfield code="2">fast</subfield>
      <subfield code="0">http://id.worldcat.org/fast/916106</subfield>
    </datafield>
    <datafield tag="650" ind1=" " ind2="0">
      <subfield code="a">Racially mixed people</subfield>
      <subfield code="0">http://id.loc.gov/authorities/subjects/sh91005403</subfield>
      <subfield code="z">Belize.</subfield>
      <subfield code="0">http://id.loc.gov/authorities/names/n79126944</subfield>
    </datafield>
    <datafield tag="650" ind1=" " ind2="7">
      <subfield code="a">Racially mixed people.</subfield>
      <subfield code="2">fast</subfield>
      <subfield code="0">http://id.worldcat.org/fast/1086595</subfield>
    </datafield>
    <datafield tag="650" ind1="1" ind2="7">
      <subfield code="a">Racially mixed people.</subfield>
      <subfield code="2">fast</subfield>
      <subfield code="0">http://id.worldcat.org/fast/1086595</subfield>
    </datafield>
    <datafield tag="650" ind1="1" ind2="7">
      <subfield code="a">Ethnology.</subfield>
      <subfield code="2">fast</subfield>
      <subfield code="0">http://id.worldcat.org/fast/916106</subfield>
    </datafield>
    <datafield tag="651" ind1=" " ind2="7">
      <subfield code="a">Belize.</subfield>
      <subfield code="2">fast</subfield>
      <subfield code="0">http://id.worldcat.org/fast/1206799</subfield>
    </datafield>
    <datafield tag="651" ind1="2" ind2="7">
      <subfield code="a">Belize.</subfield>
      <subfield code="2">fast</subfield>
      <subfield code="0">http://id.worldcat.org/fast/1206799</subfield>
    </datafield>
    <datafield tag="830" ind1=" " ind2="0">
      <subfield code="a">Critical Caribbean studies.</subfield>
      <subfield code="0">http://id.loc.gov/authorities/names/no2015129185</subfield>
    </datafield>
    <datafield tag="902" ind1=" " ind2=" ">
      <subfield code="a">MARCIVE-BF 20190703</subfield>
    </datafield>
    <datafield tag="904" ind1=" " ind2=" ">
      <subfield code="a">MARCIVE-SC</subfield>
    </datafield>
    <datafield tag="904" ind1=" " ind2=" ">
      <subfield code="a">MARCIVE 20200629</subfield>
    </datafield>
    <datafield tag="945" ind1=" " ind2="1">
      <subfield code="i">39074024454126</subfield>
      <subfield code="k">MAIN</subfield>
      <subfield code="l">stacks</subfield>
      <subfield code="a">F1457.A1</subfield>
      <subfield code="b">J64 2019</subfield>
      <subfield code="z">090</subfield>
    </datafield>
    <datafield tag="979" ind1=" " ind2=" ">
      <subfield code="a">(OCoLC)1021062008</subfield>
    </datafield>
    <datafield tag="997" ind1=" " ind2=" ">
      <subfield code="a">20181210</subfield>
      <subfield code="d">TEU</subfield>
      <subfield code="c">COUTTS-SR</subfield>
      <subfield code="e">WCAT</subfield>
    </datafield>
    <datafield tag="ADM" ind1=" " ind2=" ">
      <subfield code="b">2020-07-23 15:46:25</subfield>
      <subfield code="e">on1021062008</subfield>
      <subfield code="d">MARCIVE</subfield>
      <subfield code="f">20190607173622.0</subfield>
      <subfield code="a">2018-11-26 15:23:04</subfield>
      <subfield code="c">false</subfield>
    </datafield>
    <datafield tag="HLD" ind1="0" ind2=" ">
      <subfield code="b">BLOCKSON</subfield>
      <subfield code="c">rarestacks</subfield>
      <subfield code="h">F1457.A1</subfield>
      <subfield code="i">J64 2019</subfield>
      <subfield code="t">0</subfield>
      <subfield code="8">22437199150003811</subfield>
      <subfield code="updated">2018-12-12 19:16:42</subfield>
      <subfield code="created">2018-11-01 19:50:49</subfield>
    </datafield>
    <datafield tag="HLD" ind1="0" ind2=" ">
      <subfield code="b">MAIN</subfield>
      <subfield code="c">stacks</subfield>
      <subfield code="h">F1457.A1</subfield>
      <subfield code="i">J64 2019</subfield>
      <subfield code="8">22439378700003811</subfield>
      <subfield code="updated">2018-11-26 15:23:27</subfield>
      <subfield code="created">2018-11-26 15:23:27</subfield>
    </datafield>
    <datafield tag="ITM" ind1=" " ind2=" ">
      <subfield code="r">22439378700003811</subfield>
      <subfield code="b">1</subfield>
      <subfield code="h">0</subfield>
      <subfield code="g">stacks</subfield>
      <subfield code="t">BOOK</subfield>
      <subfield code="9">39074024454126</subfield>
      <subfield code="e">stacks</subfield>
      <subfield code="l">0</subfield>
      <subfield code="8">23439378690003811</subfield>
      <subfield code="a">0</subfield>
      <subfield code="i">F1457.A1 J64 2019</subfield>
      <subfield code="updated">2018-12-17 05:31:40</subfield>
      <subfield code="q">2018-11-26 15:23:28</subfield>
      <subfield code="d">MAIN</subfield>
      <subfield code="f">MAIN</subfield>
    </datafield>
    <datafield tag="ITM" ind1=" " ind2=" ">
      <subfield code="r">22437199150003811</subfield>
      <subfield code="b">1</subfield>
      <subfield code="h">0</subfield>
      <subfield code="g">rarestacks</subfield>
      <subfield code="t">BOOK</subfield>
      <subfield code="9">39074025689696</subfield>
      <subfield code="e">rarestacks</subfield>
      <subfield code="8">23437199140003811</subfield>
      <subfield code="j">0</subfield>
      <subfield code="a">3</subfield>
      <subfield code="i">F1457.A1 J64 2019</subfield>
      <subfield code="updated">2019-01-03 15:16:08</subfield>
      <subfield code="q">2018-11-01 19:50:49</subfield>
      <subfield code="d">BLOCKSON</subfield>
      <subfield code="f">BLOCKSON</subfield>
    </datafield>
  </record>