
  <record>
    <leader>04211cam a2200613 a 4500</leader>
    <controlfield tag="005">20190715212317.0</controlfield>
    <controlfield tag="008">100519s2011    enk      b    001 0 eng  </controlfield>
    <controlfield tag="001">991007475079703811</controlfield>
    <datafield tag="010" ind1=" " ind2=" ">
      <subfield code="a">2010020132</subfield>
    </datafield>
    <datafield tag="020" ind1=" " ind2=" ">
      <subfield code="a">9780199736393</subfield>
      <subfield code="q">alkaline paper</subfield>
    </datafield>
    <datafield tag="020" ind1=" " ind2=" ">
      <subfield code="a">0199736391</subfield>
      <subfield code="q">alkaline paper</subfield>
    </datafield>
    <datafield tag="035" ind1=" " ind2=" ">
      <subfield code="a">(PPT)b45419073-01tuli_inst</subfield>
    </datafield>
    <datafield tag="035" ind1=" " ind2=" ">
      <subfield code="a">(OCoLC)ocn727108670</subfield>
      <subfield code="9">ExL</subfield>
    </datafield>
    <datafield tag="035" ind1=" " ind2=" ">
      <subfield code="a">(OCoLC)624405756</subfield>
    </datafield>
    <datafield tag="035" ind1=" " ind2=" ">
      <subfield code="a">ocn624405756</subfield>
    </datafield>
    <datafield tag="035" ind1=" " ind2=" ">
      <subfield code="a">(OCLC)ocn624405756</subfield>
    </datafield>
    <datafield tag="040" ind1=" " ind2=" ">
      <subfield code="a">DNLM/DLC</subfield>
      <subfield code="b">eng</subfield>
      <subfield code="c">DLC</subfield>
      <subfield code="d">YDX</subfield>
      <subfield code="d">NLM</subfield>
      <subfield code="d">YDXCP</subfield>
      <subfield code="d">CDX</subfield>
    </datafield>
    <datafield tag="042" ind1=" " ind2=" ">
      <subfield code="a">pcc</subfield>
    </datafield>
    <datafield tag="049" ind1=" " ind2=" ">
      <subfield code="a">IG$A</subfield>
    </datafield>
    <datafield tag="079" ind1=" " ind2=" ">
      <subfield code="a">ocn624405756</subfield>
    </datafield>
    <datafield tag="090" ind1=" " ind2=" ">
      <subfield code="a">RC480.5</subfield>
      <subfield code="b">.O492 2011</subfield>
    </datafield>
    <datafield tag="245" ind1="0" ind2="0">
      <subfield code="a">On becoming a psychotherapist :</subfield>
      <subfield code="b">the personal and professional journey /</subfield>
      <subfield code="c">edited by Robert H. Klein, Harold S. Bernard, Victor L. Schermer.</subfield>
    </datafield>
    <datafield tag="264" ind1=" " ind2="1">
      <subfield code="a">Oxford :</subfield>
      <subfield code="b">New York :</subfield>
      <subfield code="b">Oxford University Press,</subfield>
      <subfield code="c">2011.</subfield>
    </datafield>
    <datafield tag="300" ind1=" " ind2=" ">
      <subfield code="a">xvi, 314 pages ;</subfield>
      <subfield code="c">25 cm</subfield>
    </datafield>
    <datafield tag="336" ind1=" " ind2=" ">
      <subfield code="a">text</subfield>
      <subfield code="b">txt</subfield>
      <subfield code="2">rdacontent</subfield>
    </datafield>
    <datafield tag="337" ind1=" " ind2=" ">
      <subfield code="a">unmediated</subfield>
      <subfield code="b">n</subfield>
      <subfield code="2">rdamedia</subfield>
    </datafield>
    <datafield tag="338" ind1=" " ind2=" ">
      <subfield code="a">volume</subfield>
      <subfield code="b">nc</subfield>
      <subfield code="2">rdacarrier</subfield>
    </datafield>
    <datafield tag="504" ind1=" " ind2=" ">
      <subfield code="a">Includes bibliographical references and index.</subfield>
    </datafield>
    <datafield tag="505" ind1="0" ind2=" ">
      <subfield code="a">Growing up to be a good psychotherapist, or physician, know thyself! / John O'Leary -- The mentoring relationship : co-creating personal and professional growth / Robin G. Gayle -- The place of didactic preparation in the therapist's development / Victor L. Schermer -- The role of clinical experience in the making of psychotherapist / Jerome S. Gans -- Psychotherapy supervision and the development of the psychotherapist / Molyn Leszcz -- Up close and personal : a consideration of the role of personal therapy in the development of a psychotherapist / Suzanne B. Phillips -- The psychotherapist as "wounded healer" : a modern expression of an ancient tradition / Cecil A. Rice -- Has the magic of psychotherapy disappeared? Integrating evidence based practice into therapist awareness and development / Debra Theobald McClendon and Gary M. Burlingame -- Becoming a cognitive behavioral therapist : striving to integrate professional and personal development / Edmund C. Neuhaus -- Psychotherapy research : implications for optimal therapist personality, training, and development / Shannon Wiltsey Stirman and Paul Crits-Christoph -- Conclusions : a phase-specific model for psychotherapist development / Robert H. Klein, Harold S. Bernard, and Victor L. Schermer.</subfield>
    </datafield>
    <datafield tag="650" ind1=" " ind2="0">
      <subfield code="a">Psychotherapists</subfield>
      <subfield code="0">http://id.loc.gov/authorities/subjects/sh85108511</subfield>
      <subfield code="x">Attitudes.</subfield>
      <subfield code="0">http://id.loc.gov/authorities/subjects/sh2002006216</subfield>
    </datafield>
    <datafield tag="650" ind1=" " ind2="7">
      <subfield code="a">Psychotherapists</subfield>
      <subfield code="x">Attitudes.</subfield>
      <subfield code="2">fast</subfield>
      <subfield code="0">http://id.worldcat.org/fast/1081731</subfield>
    </datafield>
    <datafield tag="650" ind1=" " ind2="0">
      <subfield code="a">Psychotherapists</subfield>
      <subfield code="0">http://id.loc.gov/authorities/subjects/sh85108511</subfield>
      <subfield code="x">Psychology.</subfield>
      <subfield code="0">http://id.loc.gov/authorities/subjects/sh2002011487</subfield>
    </datafield>
    <datafield tag="650" ind1=" " ind2="7">
      <subfield code="a">Psychotherapists</subfield>
      <subfield code="x">Psychology.</subfield>
      <subfield code="2">fast</subfield>
      <subfield code="0">http://id.worldcat.org/fast/1081746</subfield>
    </datafield>
    <datafield tag="650" ind1=" " ind2="0">
      <subfield code="a">Psychotherapy</subfield>
      <subfield code="x">Vocational guidance.</subfield>
      <subfield code="0">http://id.loc.gov/authorities/subjects/sh2010108806</subfield>
    </datafield>
    <datafield tag="650" ind1=" " ind2="7">
      <subfield code="a">Psychotherapy</subfield>
      <subfield code="x">Vocational guidance.</subfield>
      <subfield code="2">fast</subfield>
      <subfield code="0">http://id.worldcat.org/fast/1081812</subfield>
    </datafield>
    <datafield tag="650" ind1=" " ind2="0">
      <subfield code="a">Psychotherapy</subfield>
      <subfield code="x">Study and teaching.</subfield>
      <subfield code="0">http://id.loc.gov/authorities/subjects/sh2010108811</subfield>
    </datafield>
    <datafield tag="650" ind1=" " ind2="7">
      <subfield code="a">Psychotherapy</subfield>
      <subfield code="x">Study and teaching.</subfield>
      <subfield code="2">fast</subfield>
      <subfield code="0">http://id.worldcat.org/fast/1081806</subfield>
    </datafield>
    <datafield tag="650" ind1=" " ind2="0">
      <subfield code="a">Career development.</subfield>
      <subfield code="0">http://id.loc.gov/authorities/subjects/sh86001816</subfield>
    </datafield>
    <datafield tag="650" ind1=" " ind2="7">
      <subfield code="a">Career development.</subfield>
      <subfield code="2">fast</subfield>
      <subfield code="0">http://id.worldcat.org/fast/847280</subfield>
    </datafield>
    <datafield tag="650" ind1="1" ind2="2">
      <subfield code="a">Psychotherapy.</subfield>
      <subfield code="0">https://id.nlm.nih.gov/mesh/D011613</subfield>
    </datafield>
    <datafield tag="650" ind1="2" ind2="2">
      <subfield code="a">Motivation.</subfield>
      <subfield code="0">https://id.nlm.nih.gov/mesh/D009042</subfield>
    </datafield>
    <datafield tag="650" ind1="2" ind2="2">
      <subfield code="a">Personality Development.</subfield>
      <subfield code="0">https://id.nlm.nih.gov/mesh/D010553</subfield>
    </datafield>
    <datafield tag="650" ind1="2" ind2="2">
      <subfield code="a">Professional Role</subfield>
      <subfield code="x">psychology.</subfield>
      <subfield code="0">https://id.nlm.nih.gov/mesh/D024382Q000523</subfield>
    </datafield>
    <datafield tag="650" ind1="2" ind2="2">
      <subfield code="a">Vocational Guidance.</subfield>
      <subfield code="0">https://id.nlm.nih.gov/mesh/D014830</subfield>
    </datafield>
    <datafield tag="650" ind1=" " ind2="7">
      <subfield code="a">Psychotherapists.</subfield>
      <subfield code="2">fast</subfield>
      <subfield code="0">http://id.worldcat.org/fast/1081730</subfield>
    </datafield>
    <datafield tag="700" ind1="1" ind2=" ">
      <subfield code="a">Klein, Robert H.</subfield>
      <subfield code="0">http://id.loc.gov/authorities/names/n92800863</subfield>
    </datafield>
    <datafield tag="700" ind1="1" ind2=" ">
      <subfield code="a">Bernard, Harold S.</subfield>
      <subfield code="0">http://id.loc.gov/authorities/names/n92800864</subfield>
    </datafield>
    <datafield tag="700" ind1="1" ind2=" ">
      <subfield code="a">Schermer, Victor L.</subfield>
      <subfield code="0">http://id.loc.gov/authorities/names/n86136371</subfield>
    </datafield>
    <datafield tag="902" ind1=" " ind2=" ">
      <subfield code="a">110928</subfield>
    </datafield>
    <datafield tag="902" ind1=" " ind2=" ">
      <subfield code="a">MARCIVE-BF 20190703</subfield>
    </datafield>
    <datafield tag="904" ind1=" " ind2=" ">
      <subfield code="a">MARCIVE 20200629</subfield>
    </datafield>
    <datafield tag="907" ind1=" " ind2=" ">
      <subfield code="a">.b45419073</subfield>
      <subfield code="b">p    </subfield>
      <subfield code="c">-</subfield>
    </datafield>
    <datafield tag="945" ind1=" " ind2=" ">
      <subfield code="l">pstk </subfield>
      <subfield code="g">1</subfield>
    </datafield>
    <datafield tag="979" ind1=" " ind2=" ">
      <subfield code="a">ocn624405756</subfield>
    </datafield>
    <datafield tag="998" ind1=" " ind2=" ">
      <subfield code="b">1</subfield>
      <subfield code="c">110511</subfield>
      <subfield code="d">m</subfield>
      <subfield code="e">a</subfield>
      <subfield code="f">-</subfield>
      <subfield code="g">0</subfield>
    </datafield>
    <datafield tag="ADM" ind1=" " ind2=" ">
      <subfield code="b">2020-07-16 03:43:38</subfield>
      <subfield code="e">b45419073-01tuli_inst</subfield>
      <subfield code="d">MARCIVE</subfield>
      <subfield code="f">20190608034420.0</subfield>
      <subfield code="a">2017-06-20 07:23:25</subfield>
      <subfield code="c">false</subfield>
    </datafield>
    <datafield tag="HLD" ind1="0" ind2=" ">
      <subfield code="b">ASRS</subfield>
      <subfield code="c">ASRS</subfield>
      <subfield code="h"> RC480.5 </subfield>
      <subfield code="i"> .O492 2011 </subfield>
      <subfield code="8">22461334490003811</subfield>
      <subfield code="updated">2019-04-26 20:37:46</subfield>
      <subfield code="created">2019-04-26 20:37:41</subfield>
    </datafield>
    <datafield tag="ITM" ind1=" " ind2=" ">
      <subfield code="r">22461334490003811</subfield>
      <subfield code="b">1</subfield>
      <subfield code="h">0</subfield>
      <subfield code="g">ASRS</subfield>
      <subfield code="t">BOOK</subfield>
      <subfield code="9">39074025981168</subfield>
      <subfield code="e">ASRS</subfield>
      <subfield code="8">23265689330003811</subfield>
      <subfield code="a">0</subfield>
      <subfield code="i">RC480.5 .O492 2011</subfield>
      <subfield code="updated">2019-04-26 20:38:13</subfield>
      <subfield code="q">2017-06-20 07:23:25</subfield>
      <subfield code="d">ASRS</subfield>
      <subfield code="f">ASRS</subfield>
    </datafield>
  </record>