
  <record>
    <leader>02075cam a2200493 a 4500</leader>
    <controlfield tag="005">20190716051959.0</controlfield>
    <controlfield tag="008">110524t20122012bcca     b    000 0 eng  </controlfield>
    <controlfield tag="001">991033981809703811</controlfield>
    <datafield tag="020" ind1=" " ind2=" ">
      <subfield code="a">9781926855721</subfield>
    </datafield>
    <datafield tag="020" ind1=" " ind2=" ">
      <subfield code="a">1926855728</subfield>
    </datafield>
    <datafield tag="035" ind1=" " ind2=" ">
      <subfield code="a">(PPT)b54183777-01tuli_inst</subfield>
    </datafield>
    <datafield tag="035" ind1=" " ind2=" ">
      <subfield code="a">(OCoLC)ocn850867141</subfield>
      <subfield code="9">ExL</subfield>
    </datafield>
    <datafield tag="035" ind1=" " ind2=" ">
      <subfield code="a">(OCoLC)738364226</subfield>
    </datafield>
    <datafield tag="035" ind1=" " ind2=" ">
      <subfield code="a">ocn738364226</subfield>
    </datafield>
    <datafield tag="035" ind1=" " ind2=" ">
      <subfield code="a">(OCLC)ocn738364226</subfield>
    </datafield>
    <datafield tag="040" ind1=" " ind2=" ">
      <subfield code="a">NLC</subfield>
      <subfield code="b">eng</subfield>
      <subfield code="c">NLC</subfield>
      <subfield code="d">BTCTA</subfield>
      <subfield code="d">YDXCP</subfield>
      <subfield code="d">VP@</subfield>
      <subfield code="d">UWW</subfield>
    </datafield>
    <datafield tag="043" ind1=" " ind2=" ">
      <subfield code="a">n-cn---</subfield>
    </datafield>
    <datafield tag="079" ind1=" " ind2=" ">
      <subfield code="a">ocn738364226</subfield>
    </datafield>
    <datafield tag="090" ind1=" " ind2=" ">
      <subfield code="a">GB2429</subfield>
      <subfield code="b">.D46 2012</subfield>
    </datafield>
    <datafield tag="100" ind1="1" ind2=" ">
      <subfield code="a">Demuth, Michael,</subfield>
      <subfield code="d">1960-</subfield>
    </datafield>
    <datafield tag="245" ind1="1" ind2="0">
      <subfield code="a">Becoming water :</subfield>
      <subfield code="b">glaciers in a warming world /</subfield>
      <subfield code="c">Michael N. Demuth.</subfield>
    </datafield>
    <datafield tag="264" ind1=" " ind2="1">
      <subfield code="a">Victoria [B.C.] :</subfield>
      <subfield code="b">RMB,</subfield>
      <subfield code="c">[2012]</subfield>
    </datafield>
    <datafield tag="264" ind1=" " ind2="4">
      <subfield code="c">&#xA9;2012</subfield>
    </datafield>
    <datafield tag="300" ind1=" " ind2=" ">
      <subfield code="a">ix, 135 pages :</subfield>
      <subfield code="b">illustrations ;</subfield>
      <subfield code="c">19 cm</subfield>
    </datafield>
    <datafield tag="336" ind1=" " ind2=" ">
      <subfield code="a">text</subfield>
      <subfield code="b">txt</subfield>
      <subfield code="2">rdacontent</subfield>
    </datafield>
    <datafield tag="337" ind1=" " ind2=" ">
      <subfield code="a">unmediated</subfield>
      <subfield code="b">n</subfield>
      <subfield code="2">rdamedia</subfield>
    </datafield>
    <datafield tag="338" ind1=" " ind2=" ">
      <subfield code="a">volume</subfield>
      <subfield code="b">nc</subfield>
      <subfield code="2">rdacarrier</subfield>
    </datafield>
    <datafield tag="504" ind1=" " ind2=" ">
      <subfield code="a">Includes bibliographical references (pages 129-135).</subfield>
    </datafield>
    <datafield tag="530" ind1=" " ind2=" ">
      <subfield code="a">Issued also in electronic formats.</subfield>
    </datafield>
    <datafield tag="650" ind1=" " ind2="0">
      <subfield code="a">Glaciers</subfield>
      <subfield code="0">http://id.loc.gov/authorities/subjects/sh85055066</subfield>
      <subfield code="z">Canada</subfield>
      <subfield code="0">http://id.loc.gov/authorities/names/n79007233</subfield>
      <subfield code="v">Popular works.</subfield>
      <subfield code="0">http://id.loc.gov/authorities/subjects/sh99001720</subfield>
    </datafield>
    <datafield tag="650" ind1=" " ind2="7">
      <subfield code="a">Glaciers.</subfield>
      <subfield code="2">fast</subfield>
      <subfield code="0">http://id.worldcat.org/fast/942975</subfield>
    </datafield>
    <datafield tag="650" ind1=" " ind2="0">
      <subfield code="a">Glaciers</subfield>
      <subfield code="x">Climatic factors</subfield>
      <subfield code="0">http://id.loc.gov/authorities/subjects/sh2008005336</subfield>
      <subfield code="z">Canada.</subfield>
      <subfield code="0">http://id.loc.gov/authorities/names/n79007233</subfield>
    </datafield>
    <datafield tag="650" ind1=" " ind2="7">
      <subfield code="a">Glaciers</subfield>
      <subfield code="x">Climatic factors.</subfield>
      <subfield code="2">fast</subfield>
      <subfield code="0">http://id.worldcat.org/fast/1751219</subfield>
    </datafield>
    <datafield tag="650" ind1=" " ind2="0">
      <subfield code="a">Global warming</subfield>
      <subfield code="0">http://id.loc.gov/authorities/subjects/sh89000812</subfield>
      <subfield code="z">Canada.</subfield>
      <subfield code="0">http://id.loc.gov/authorities/names/n79007233</subfield>
    </datafield>
    <datafield tag="650" ind1=" " ind2="7">
      <subfield code="a">Global warming.</subfield>
      <subfield code="2">fast</subfield>
      <subfield code="0">http://id.worldcat.org/fast/943506</subfield>
    </datafield>
    <datafield tag="650" ind1=" " ind2="0">
      <subfield code="a">Climatic changes</subfield>
      <subfield code="z">Canada.</subfield>
      <subfield code="0">http://id.loc.gov/authorities/subjects/sh2009120414</subfield>
    </datafield>
    <datafield tag="650" ind1="1" ind2="7">
      <subfield code="a">Climatic changes.</subfield>
      <subfield code="2">fast</subfield>
      <subfield code="0">http://id.worldcat.org/fast/864229</subfield>
    </datafield>
    <datafield tag="650" ind1="1" ind2="7">
      <subfield code="a">Global warming.</subfield>
      <subfield code="2">fast</subfield>
      <subfield code="0">http://id.worldcat.org/fast/943506</subfield>
    </datafield>
    <datafield tag="650" ind1="1" ind2="7">
      <subfield code="a">Glaciers</subfield>
      <subfield code="x">Climatic factors.</subfield>
      <subfield code="2">fast</subfield>
      <subfield code="0">http://id.worldcat.org/fast/1751219</subfield>
    </datafield>
    <datafield tag="650" ind1="1" ind2="7">
      <subfield code="a">Glaciers.</subfield>
      <subfield code="2">fast</subfield>
      <subfield code="0">http://id.worldcat.org/fast/942975</subfield>
    </datafield>
    <datafield tag="651" ind1="2" ind2="7">
      <subfield code="a">Canada.</subfield>
      <subfield code="2">fast</subfield>
      <subfield code="0">http://id.worldcat.org/fast/1204310</subfield>
    </datafield>
    <datafield tag="655" ind1="2" ind2="7">
      <subfield code="a">Popular works.</subfield>
      <subfield code="2">fast</subfield>
      <subfield code="0">http://id.worldcat.org/fast/1423846</subfield>
    </datafield>
    <datafield tag="902" ind1=" " ind2=" ">
      <subfield code="a">150922</subfield>
    </datafield>
    <datafield tag="902" ind1=" " ind2=" ">
      <subfield code="a">MARCIVE-BF 20190703</subfield>
    </datafield>
    <datafield tag="904" ind1=" " ind2=" ">
      <subfield code="a">MARCIVE 20200629</subfield>
    </datafield>
    <datafield tag="907" ind1=" " ind2=" ">
      <subfield code="a">.b54183777</subfield>
      <subfield code="b">p    </subfield>
      <subfield code="c">-</subfield>
    </datafield>
    <datafield tag="945" ind1=" " ind2=" ">
      <subfield code="l">pstk </subfield>
      <subfield code="g">1</subfield>
    </datafield>
    <datafield tag="979" ind1=" " ind2=" ">
      <subfield code="a">ocn738364226</subfield>
    </datafield>
    <datafield tag="998" ind1=" " ind2=" ">
      <subfield code="b">1</subfield>
      <subfield code="c">130612</subfield>
      <subfield code="d">m</subfield>
      <subfield code="e">a</subfield>
      <subfield code="f">-</subfield>
      <subfield code="g">0</subfield>
    </datafield>
    <datafield tag="998" ind1=" " ind2=" ">
      <subfield code="a">06/12/13</subfield>
      <subfield code="s">OCLC</subfield>
      <subfield code="c">AT</subfield>
    </datafield>
    <datafield tag="ADM" ind1=" " ind2=" ">
      <subfield code="b">2020-09-09 01:18:31</subfield>
      <subfield code="e">b54183777-01tuli_inst</subfield>
      <subfield code="d">MARCIVE</subfield>
      <subfield code="f">20190607205601.0</subfield>
      <subfield code="a">2017-06-20 14:02:08</subfield>
      <subfield code="c">false</subfield>
    </datafield>
    <datafield tag="HLD" ind1="0" ind2=" ">
      <subfield code="b">ASRS</subfield>
      <subfield code="c">ASRS</subfield>
      <subfield code="h"> GB2429 </subfield>
      <subfield code="i"> .D46 2012 </subfield>
      <subfield code="8">22460879710003811</subfield>
      <subfield code="updated">2019-04-25 13:09:39</subfield>
      <subfield code="created">2019-04-25 13:09:36</subfield>
    </datafield>
    <datafield tag="ITM" ind1=" " ind2=" ">
      <subfield code="r">22460879710003811</subfield>
      <subfield code="b">1</subfield>
      <subfield code="h">0</subfield>
      <subfield code="g">ASRS</subfield>
      <subfield code="t">BOOK</subfield>
      <subfield code="9">39074026545434</subfield>
      <subfield code="e">ASRS</subfield>
      <subfield code="8">23328897610003811</subfield>
      <subfield code="a">0</subfield>
      <subfield code="i">GB2429 .D46 2012</subfield>
      <subfield code="updated">2019-04-25 13:09:59</subfield>
      <subfield code="q">2017-06-20 14:02:08</subfield>
      <subfield code="d">ASRS</subfield>
      <subfield code="f">ASRS</subfield>
    </datafield>
  </record>