
  <record>
    <leader>03829cam a2200553 a 4500</leader>
    <controlfield tag="005">20190708145432.0</controlfield>
    <controlfield tag="008">111014s2012    ncua     b    001 0 eng  </controlfield>
    <controlfield tag="001">991028983749703811</controlfield>
    <datafield tag="010" ind1=" " ind2=" ">
      <subfield code="a">2011041906</subfield>
    </datafield>
    <datafield tag="020" ind1=" " ind2=" ">
      <subfield code="a">9780822352174</subfield>
      <subfield code="q">cloth</subfield>
      <subfield code="q">alkaline paper</subfield>
    </datafield>
    <datafield tag="020" ind1=" " ind2=" ">
      <subfield code="a">0822352176</subfield>
      <subfield code="q">cloth</subfield>
      <subfield code="q">alkaline paper</subfield>
    </datafield>
    <datafield tag="020" ind1=" " ind2=" ">
      <subfield code="a">9780822352310</subfield>
      <subfield code="q">paperback</subfield>
      <subfield code="q">alkaline paper</subfield>
    </datafield>
    <datafield tag="020" ind1=" " ind2=" ">
      <subfield code="a">0822352311</subfield>
      <subfield code="q">paperback</subfield>
      <subfield code="q">alkaline paper</subfield>
    </datafield>
    <datafield tag="035" ind1=" " ind2=" ">
      <subfield code="a">(PPT)b52072848-01tuli_inst</subfield>
    </datafield>
    <datafield tag="035" ind1=" " ind2=" ">
      <subfield code="a">(OCoLC)ocn795766842</subfield>
      <subfield code="9">ExL</subfield>
    </datafield>
    <datafield tag="035" ind1=" " ind2=" ">
      <subfield code="a">(OCoLC)748336583</subfield>
    </datafield>
    <datafield tag="035" ind1=" " ind2=" ">
      <subfield code="a">ocn748336583</subfield>
    </datafield>
    <datafield tag="035" ind1=" " ind2=" ">
      <subfield code="a">(OCLC)ocn748336583</subfield>
    </datafield>
    <datafield tag="040" ind1=" " ind2=" ">
      <subfield code="a">NcD/DLC</subfield>
      <subfield code="b">eng</subfield>
      <subfield code="c">NDD</subfield>
      <subfield code="d">DLC</subfield>
      <subfield code="d">BTCTA</subfield>
      <subfield code="d">YDXCP</subfield>
      <subfield code="d">UKMGB</subfield>
      <subfield code="d">PPT</subfield>
    </datafield>
    <datafield tag="042" ind1=" " ind2=" ">
      <subfield code="a">pcc</subfield>
    </datafield>
    <datafield tag="043" ind1=" " ind2=" ">
      <subfield code="a">a-pk---</subfield>
    </datafield>
    <datafield tag="079" ind1=" " ind2=" ">
      <subfield code="a">ocn748336583</subfield>
    </datafield>
    <datafield tag="090" ind1=" " ind2=" ">
      <subfield code="a">BP63.P2</subfield>
      <subfield code="b">K485 2012</subfield>
    </datafield>
    <datafield tag="100" ind1="1" ind2=" ">
      <subfield code="a">Khan, Naveeda Ahmed,</subfield>
      <subfield code="d">1969-</subfield>
      <subfield code="0">http://id.loc.gov/authorities/names/no2008038670</subfield>
    </datafield>
    <datafield tag="245" ind1="1" ind2="0">
      <subfield code="a">Muslim becoming :</subfield>
      <subfield code="b">aspiration and skepticism in Pakistan /</subfield>
      <subfield code="c">Naveeda Khan.</subfield>
    </datafield>
    <datafield tag="263" ind1=" " ind2=" ">
      <subfield code="a">1205</subfield>
    </datafield>
    <datafield tag="264" ind1=" " ind2="1">
      <subfield code="a">Durham :</subfield>
      <subfield code="b">Duke University Press,</subfield>
      <subfield code="c">2012.</subfield>
    </datafield>
    <datafield tag="300" ind1=" " ind2=" ">
      <subfield code="a">xii, 261 pages :</subfield>
      <subfield code="b">illustrations ;</subfield>
      <subfield code="c">24 cm</subfield>
    </datafield>
    <datafield tag="336" ind1=" " ind2=" ">
      <subfield code="a">text</subfield>
      <subfield code="b">txt</subfield>
      <subfield code="2">rdacontent</subfield>
    </datafield>
    <datafield tag="337" ind1=" " ind2=" ">
      <subfield code="a">unmediated</subfield>
      <subfield code="b">n</subfield>
      <subfield code="2">rdamedia</subfield>
    </datafield>
    <datafield tag="338" ind1=" " ind2=" ">
      <subfield code="a">volume</subfield>
      <subfield code="b">nc</subfield>
      <subfield code="2">rdacarrier</subfield>
    </datafield>
    <datafield tag="504" ind1=" " ind2=" ">
      <subfield code="a">Includes bibliographical references (pages [225]-249) and index.</subfield>
    </datafield>
    <datafield tag="520" ind1=" " ind2=" ">
      <subfield code="a">Muslim Becoming challenges the claim that Pakistan's relation to Islam is fragmented and problematic. Offering a radically different interpretation, Naveeda Khan contends that Pakistan inherited an aspirational, always-becoming Islam, one with an open future and a tendency toward experimentation. For the individual, this aspirational tendency manifests in a continual striving to be a better Muslim. It is grounded in the thought of Muhammad Iqbal (1877-1938), the poet, philosopher, and politician considered the spiritual founder of Pakistan. Khan finds that Iqbal provided the philosophical basis for recasting Islam as an open religion with possible futures as yet unrealized, which he did in part through his engagement with the French philosopher Henri Bergson. Drawing on research in the neighborhoods and mosques of Lahore and on readings of theological polemics, legal history, and Urdu literature, Khan points to striving throughout Pakistani society: in prayers, theological debates, the building of mosques, readings of the Qur'an, and religious pilgrimages. Emphasizing the skepticism toward the practices of others that accompanies aspiration, Khan seeks to affirm aspiration while also acknowledging its capacity for violence. Book jacket.</subfield>
    </datafield>
    <datafield tag="505" ind1="0" ind2=" ">
      <subfield code="a">Scenes of Muslim aspiration : neighborhood mosques and their qabza -- A possible genealogy of aspiration : Muhammad Iqbal in his time -- Inheriting Iqbal : the law and the Ahmadi question -- The singularity of aspiration : a father, a child and a jinn -- Skepticism in public culture : from the Jahil Maulwi to Mulla-ism -- Skepticism and spiritual diagnostics : Iqbal, the Ulama and the literati -- Epilogue: becoming present.</subfield>
    </datafield>
    <datafield tag="650" ind1=" " ind2="0">
      <subfield code="a">Islam</subfield>
      <subfield code="z">Pakistan.</subfield>
      <subfield code="0">http://id.loc.gov/authorities/subjects/sh2008104948</subfield>
    </datafield>
    <datafield tag="650" ind1=" " ind2="0">
      <subfield code="a">Muslims</subfield>
      <subfield code="z">Pakistan.</subfield>
      <subfield code="0">http://id.loc.gov/authorities/subjects/sh85089077</subfield>
      <subfield code="0">http://id.loc.gov/authorities/names/n80125947</subfield>
    </datafield>
    <datafield tag="650" ind1=" " ind2="7">
      <subfield code="a">Muslims.</subfield>
      <subfield code="2">fast</subfield>
      <subfield code="0">http://id.worldcat.org/fast/1031029</subfield>
    </datafield>
    <datafield tag="600" ind1="1" ind2="0">
      <subfield code="a">Iqbal, Muhammad,</subfield>
      <subfield code="c">Sir,</subfield>
      <subfield code="d">1877-1938.</subfield>
      <subfield code="0">http://id.loc.gov/authorities/names/n79110521</subfield>
    </datafield>
    <datafield tag="600" ind1="1" ind2="7">
      <subfield code="a">Iqbal, Muhammad,</subfield>
      <subfield code="c">Sir,</subfield>
      <subfield code="d">1877-1938.</subfield>
      <subfield code="2">fast</subfield>
      <subfield code="0">http://id.worldcat.org/fast/43214</subfield>
    </datafield>
    <datafield tag="650" ind1=" " ind2="0">
      <subfield code="a">Islam and state</subfield>
      <subfield code="z">Pakistan.</subfield>
      <subfield code="0">http://id.loc.gov/authorities/subjects/sh2008104946</subfield>
    </datafield>
    <datafield tag="902" ind1=" " ind2=" ">
      <subfield code="a">160719</subfield>
    </datafield>
    <datafield tag="902" ind1=" " ind2=" ">
      <subfield code="a">MARCIVE-BF 20190703</subfield>
    </datafield>
    <datafield tag="903" ind1=" " ind2=" ">
      <subfield code="a">MARCIVE-TOC201904</subfield>
    </datafield>
    <datafield tag="904" ind1=" " ind2=" ">
      <subfield code="a">MARCIVE 20190703</subfield>
    </datafield>
    <datafield tag="907" ind1=" " ind2=" ">
      <subfield code="a">.b52072848</subfield>
      <subfield code="b">p    </subfield>
      <subfield code="c">-</subfield>
    </datafield>
    <datafield tag="945" ind1=" " ind2=" ">
      <subfield code="l">pstk </subfield>
      <subfield code="g">1</subfield>
    </datafield>
    <datafield tag="979" ind1=" " ind2=" ">
      <subfield code="a">ocn748336583</subfield>
    </datafield>
    <datafield tag="998" ind1=" " ind2=" ">
      <subfield code="b">0</subfield>
      <subfield code="c">120530</subfield>
      <subfield code="d">m</subfield>
      <subfield code="e">a</subfield>
      <subfield code="f">-</subfield>
      <subfield code="g">0</subfield>
    </datafield>
    <datafield tag="998" ind1=" " ind2=" ">
      <subfield code="a">05/30/12</subfield>
      <subfield code="s">CIP</subfield>
      <subfield code="c">AT</subfield>
    </datafield>
    <datafield tag="ADM" ind1=" " ind2=" ">
      <subfield code="b">2019-07-09 09:30:58</subfield>
      <subfield code="e">b52072848-01tuli_inst</subfield>
      <subfield code="d">MARCIVE</subfield>
      <subfield code="f">20190607212038.0</subfield>
      <subfield code="a">2017-06-20 07:51:13</subfield>
      <subfield code="c">false</subfield>
    </datafield>
    <datafield tag="HLD" ind1="0" ind2=" ">
      <subfield code="b">ASRS</subfield>
      <subfield code="c">ASRS</subfield>
      <subfield code="h"> BP63.P2 </subfield>
      <subfield code="i"> K485 2012 </subfield>
      <subfield code="8">22463628430003811</subfield>
      <subfield code="updated">2019-04-30 20:26:07</subfield>
      <subfield code="created">2019-04-30 20:26:01</subfield>
    </datafield>
    <datafield tag="ITM" ind1=" " ind2=" ">
      <subfield code="r">22463628430003811</subfield>
      <subfield code="b">1</subfield>
      <subfield code="h">0</subfield>
      <subfield code="g">ASRS</subfield>
      <subfield code="t">BOOK</subfield>
      <subfield code="9">39074027335280</subfield>
      <subfield code="e">ASRS</subfield>
      <subfield code="8">23273430600003811</subfield>
      <subfield code="a">0</subfield>
      <subfield code="i">BP63.P2 K485 2012</subfield>
      <subfield code="updated">2019-04-30 20:26:32</subfield>
      <subfield code="q">2017-06-20 07:51:13</subfield>
      <subfield code="d">ASRS</subfield>
      <subfield code="f">ASRS</subfield>
    </datafield>
  </record>