
  <record>
    <leader>02745ngm a22005291i 4500</leader>
    <controlfield tag="005">20161018031547.0</controlfield>
    <controlfield tag="006">m|||||o||c||||||||</controlfield>
    <controlfield tag="007">vz|czazuu</controlfield>
    <controlfield tag="007">cr|cna</controlfield>
    <controlfield tag="008">161018p20162016nyu027||||||||o|||vleng|d</controlfield>
    <controlfield tag="001">991037491510203811</controlfield>
    <datafield tag="028" ind1="4" ind2="0">
      <subfield code="a">117855s</subfield>
      <subfield code="b">Infobase</subfield>
    </datafield>
    <datafield tag="028" ind1="4" ind2="0">
      <subfield code="a">117868</subfield>
      <subfield code="b">Infobase</subfield>
    </datafield>
    <datafield tag="035" ind1=" " ind2=" ">
      <subfield code="a">100117868</subfield>
    </datafield>
    <datafield tag="035" ind1=" " ind2=" ">
      <subfield code="a">(OCoLC)961141905</subfield>
    </datafield>
    <datafield tag="035" ind1=" " ind2=" ">
      <subfield code="a">(FOD)100117868</subfield>
    </datafield>
    <datafield tag="040" ind1=" " ind2=" ">
      <subfield code="a">AzPhAEM</subfield>
      <subfield code="b">eng</subfield>
      <subfield code="e">rda</subfield>
    </datafield>
    <datafield tag="041" ind1="0" ind2=" ">
      <subfield code="a">eng</subfield>
      <subfield code="j">eng</subfield>
      <subfield code="h">eng</subfield>
    </datafield>
    <datafield tag="046" ind1=" " ind2=" ">
      <subfield code="k">2016</subfield>
    </datafield>
    <datafield tag="245" ind1="0" ind2="0">
      <subfield code="a">Becoming Superhuman.</subfield>
      <subfield code="n">Part 1 /</subfield>
      <subfield code="c">ABC International.</subfield>
    </datafield>
    <datafield tag="264" ind1=" " ind2="1">
      <subfield code="a">[Place of publication not identified] : </subfield>
      <subfield code="b">ABC International, </subfield>
      <subfield code="c">[2016]</subfield>
    </datafield>
    <datafield tag="264" ind1="3" ind2="2">
      <subfield code="a">New York, N.Y. :</subfield>
      <subfield code="b">Distributed by Infobase, </subfield>
      <subfield code="c">2016.</subfield>
    </datafield>
    <datafield tag="264" ind1=" " ind2="4">
      <subfield code="c">&#xA9;2016</subfield>
    </datafield>
    <datafield tag="300" ind1=" " ind2=" ">
      <subfield code="a">1 online resource (1 video file (27 min., 4 sec.)) :</subfield>
      <subfield code="b">sound, color.</subfield>
    </datafield>
    <datafield tag="336" ind1=" " ind2=" ">
      <subfield code="a">two-dimensional moving image</subfield>
      <subfield code="b">tdi</subfield>
      <subfield code="2">rdacontent</subfield>
    </datafield>
    <datafield tag="337" ind1=" " ind2=" ">
      <subfield code="a">computer</subfield>
      <subfield code="b">c</subfield>
      <subfield code="2">rdamedia</subfield>
    </datafield>
    <datafield tag="338" ind1=" " ind2=" ">
      <subfield code="a">online resource</subfield>
      <subfield code="b">cr</subfield>
      <subfield code="2">rdacarrier</subfield>
    </datafield>
    <datafield tag="347" ind1=" " ind2=" ">
      <subfield code="a">video file</subfield>
      <subfield code="2">rda</subfield>
    </datafield>
    <datafield tag="490" ind1="1" ind2=" ">
      <subfield code="a">Catalyst</subfield>
    </datafield>
    <datafield tag="500" ind1=" " ind2=" ">
      <subfield code="a">Originally released by ABC International, 2016.</subfield>
    </datafield>
    <datafield tag="500" ind1=" " ind2=" ">
      <subfield code="a">Streaming video file encoded with permission for digital streaming by Infobase on August 04, 2016.</subfield>
    </datafield>
    <datafield tag="505" ind1="0" ind2="0">
      <subfield code="t">Forging Possibilities </subfield>
      <subfield code="g">(3:55) --</subfield>
      <subfield code="t">Superpower Goal</subfield>
      <subfield code="g">(3:32) --</subfield>
      <subfield code="t">Biomedical Engineering</subfield>
      <subfield code="g">(3:03) --</subfield>
      <subfield code="t">Outfitting Riley</subfield>
      <subfield code="g">(4:06) --</subfield>
      <subfield code="t">Portable EOG System</subfield>
      <subfield code="g">(3:51) --</subfield>
      <subfield code="t">Testing the Technology</subfield>
      <subfield code="g">(3:22) --</subfield>
      <subfield code="t">Test Drive</subfield>
      <subfield code="g">(2:21) --</subfield>
      <subfield code="t">Design Success</subfield>
      <subfield code="g">(3:03) --</subfield>
      <subfield code="t">Credits: Becoming Superhuman Part 1-Catalyst </subfield>
      <subfield code="g">(0:27)</subfield>
    </datafield>
    <datafield tag="506" ind1="1" ind2=" ">
      <subfield code="a">Access requires authentication through Films on Demand.</subfield>
    </datafield>
    <datafield tag="520" ind1=" " ind2=" ">
      <subfield code="a">In this 2-part series, biomedical engineer Dr. Jordan Nguyen tries to make a boy's wildest dreams come true with cutting-edge technology. He's promised 13 year-old Riley Saban he will invent a device to help Riley achieve the impossible and even have a super power. Will Riley be able to train his brain to use Jordan's technology? Will Jordan's technological vision become reality? And will Riley get his superpower?</subfield>
    </datafield>
    <datafield tag="521" ind1="2" ind2=" ">
      <subfield code="a">9 &amp; up.</subfield>
    </datafield>
    <datafield tag="538" ind1=" " ind2=" ">
      <subfield code="a">Streaming video file.</subfield>
    </datafield>
    <datafield tag="538" ind1=" " ind2=" ">
      <subfield code="a">System requirements: FOD playback platform.</subfield>
    </datafield>
    <datafield tag="546" ind1=" " ind2=" ">
      <subfield code="a">Closed-captioned.</subfield>
    </datafield>
    <datafield tag="588" ind1=" " ind2=" ">
      <subfield code="a">Title from distributor's description (Infobase, August 16, 2016)</subfield>
    </datafield>
    <datafield tag="590" ind1=" " ind2=" ">
      <subfield code="a">Access is available to the Temple Community through use of a networked computer with a Temple IP address.</subfield>
    </datafield>
    <datafield tag="650" ind1=" " ind2="0">
      <subfield code="a">Biomedical engineering.</subfield>
    </datafield>
    <datafield tag="650" ind1=" " ind2="0">
      <subfield code="a">Biomedical engineers.</subfield>
    </datafield>
    <datafield tag="655" ind1=" " ind2="0">
      <subfield code="a">Internet videos.</subfield>
      <subfield code="2">lcgft</subfield>
    </datafield>
    <datafield tag="655" ind1=" " ind2="0">
      <subfield code="a">Streaming video.</subfield>
    </datafield>
    <datafield tag="710" ind1="2" ind2=" ">
      <subfield code="a">ABC International.</subfield>
    </datafield>
    <datafield tag="710" ind1="2" ind2=" ">
      <subfield code="a">Infobase,</subfield>
      <subfield code="e">film distributor.</subfield>
    </datafield>
    <datafield tag="830" ind1=" " ind2="0">
      <subfield code="a">Catalyst (New York, N.Y.)</subfield>
    </datafield>
    <datafield tag="856" ind1="4" ind2="0">
      <subfield code="z">Part of the Films on Demand collection.</subfield>
      <subfield code="u">http://libproxy.temple.edu/login?url=https://fod.infobase.com/PortalPlaylists.aspx?wID=103640&amp;xtid=117868</subfield>
    </datafield>
    <datafield tag="856" ind1="4" ind2="2">
      <subfield code="z">Cover image</subfield>
      <subfield code="u">https://cdnsecakmi.kaltura.com/p/1067292/sp/106729200/thumbnail/entry_id/0_q3zd5ege/version/100021/acv/171/width/88</subfield>
    </datafield>
    <datafield tag="902" ind1=" " ind2=" ">
      <subfield code="a">Films on Demand (Record Refresh) 20200409</subfield>
    </datafield>
    <datafield tag="979" ind1=" " ind2=" ">
      <subfield code="a">100117868</subfield>
    </datafield>
    <datafield tag="ADM" ind1=" " ind2=" ">
      <subfield code="b">2020-04-10 09:16:14</subfield>
      <subfield code="e">100117868</subfield>
      <subfield code="d">OTHER</subfield>
      <subfield code="f">20161018031547.0</subfield>
      <subfield code="a">2020-04-10 03:11:00</subfield>
      <subfield code="c">false</subfield>
    </datafield>
    <datafield tag="PRT" ind1=" " ind2=" ">
      <subfield code="updated">2020-04-10 03:11:42</subfield>
      <subfield code="i">61371278300003811</subfield>
      <subfield code="c">Films on Demand Streaming Video</subfield>
      <subfield code="created">2020-04-10 03:11:33</subfield>
      <subfield code="j">62402467020003811</subfield>
      <subfield code="a">53512684930003811</subfield>
      <subfield code="b">https://sandbox01-na.alma.exlibrisgroup.com/view/uresolver/01TULI_INST/openurl?u.ignore_date_coverage=true&amp;rft.mms_id=991037491510203811</subfield>
      <subfield code="9">Available</subfield>
      <subfield code="8">53512684930003811</subfield>
    </datafield>
  </record>