
  <record>
    <leader>01849nam  2200481 i 4500</leader>
    <controlfield tag="006">m     o  d |      </controlfield>
    <controlfield tag="007">cr cnu||||||||</controlfield>
    <controlfield tag="008">160517s2017    enk     o     000 0 eng|d</controlfield>
    <controlfield tag="001">991036848121403811</controlfield>
    <datafield tag="020" ind1=" " ind2=" ">
      <subfield code="a">9781472466501 (hbk)</subfield>
    </datafield>
    <datafield tag="020" ind1=" " ind2=" ">
      <subfield code="a">9781472466501</subfield>
    </datafield>
    <datafield tag="020" ind1=" " ind2=" ">
      <subfield code="a">9781317175841 (Proquest Ebook Central)</subfield>
    </datafield>
    <datafield tag="020" ind1=" " ind2=" ">
      <subfield code="a">1317175840</subfield>
    </datafield>
    <datafield tag="020" ind1=" " ind2=" ">
      <subfield code="a">9781317175841</subfield>
    </datafield>
    <datafield tag="035" ind1=" " ind2=" ">
      <subfield code="a">(MiAaPQ)EBC4710180</subfield>
    </datafield>
    <datafield tag="035" ind1=" " ind2=" ">
      <subfield code="a">(OCoLC)960757527</subfield>
    </datafield>
    <datafield tag="035" ind1=" " ind2=" ">
      <subfield code="a">(CaONFJC)EBC4710180</subfield>
    </datafield>
    <datafield tag="037" ind1=" " ind2=" ">
      <subfield code="a">4710180</subfield>
      <subfield code="b">Proquest Ebook Central</subfield>
    </datafield>
    <datafield tag="040" ind1=" " ind2=" ">
      <subfield code="a">CaONFJC</subfield>
      <subfield code="e">rda</subfield>
      <subfield code="c">CaONFJC</subfield>
    </datafield>
    <datafield tag="041" ind1=" " ind2=" ">
      <subfield code="a">eng</subfield>
      <subfield code="h">fre</subfield>
    </datafield>
    <datafield tag="050" ind1=" " ind2="4">
      <subfield code="a">RC552.A5</subfield>
      <subfield code="b">D3713 2017</subfield>
    </datafield>
    <datafield tag="082" ind1="0" ind2=" ">
      <subfield code="a">362.196/85262</subfield>
      <subfield code="2">23</subfield>
    </datafield>
    <datafield tag="100" ind1="1" ind2=" ">
      <subfield code="a">Darmon, Muriel,</subfield>
      <subfield code="e">author.</subfield>
    </datafield>
    <datafield tag="240" ind1="1" ind2="0">
      <subfield code="a">Devenir anorexique.</subfield>
      <subfield code="l">English</subfield>
    </datafield>
    <datafield tag="245" ind1="1" ind2="0">
      <subfield code="a">Becoming anorexic :</subfield>
      <subfield code="b">a sociological study /</subfield>
      <subfield code="c">Muriel Darmon ; translated from the French by Lucy Garnier.</subfield>
    </datafield>
    <datafield tag="264" ind1=" " ind2="1">
      <subfield code="a">Milton Park, Abingdon, Oxon ;</subfield>
      <subfield code="a">New York, NY :</subfield>
      <subfield code="b">Routledge,</subfield>
      <subfield code="c">2017.</subfield>
    </datafield>
    <datafield tag="300" ind1=" " ind2=" ">
      <subfield code="a">1 online resource (283 pages)</subfield>
    </datafield>
    <datafield tag="336" ind1=" " ind2=" ">
      <subfield code="a">text</subfield>
      <subfield code="b">txt</subfield>
      <subfield code="2">rdacontent</subfield>
    </datafield>
    <datafield tag="337" ind1=" " ind2=" ">
      <subfield code="a">computer</subfield>
      <subfield code="b">c</subfield>
      <subfield code="2">rdamedia</subfield>
    </datafield>
    <datafield tag="338" ind1=" " ind2=" ">
      <subfield code="a">online resource</subfield>
      <subfield code="b">cr</subfield>
      <subfield code="2">rdacarrier</subfield>
    </datafield>
    <datafield tag="490" ind1="1" ind2=" ">
      <subfield code="a">Routledge advances in sociology</subfield>
    </datafield>
    <datafield tag="588" ind1=" " ind2=" ">
      <subfield code="a">Description based on print version record.</subfield>
    </datafield>
    <datafield tag="650" ind1=" " ind2="0">
      <subfield code="a">Anorexia nervosa</subfield>
      <subfield code="x">Social aspects.</subfield>
    </datafield>
    <datafield tag="700" ind1="1" ind2=" ">
      <subfield code="a">Garnier, Lucy,</subfield>
      <subfield code="e">translator.</subfield>
    </datafield>
    <datafield tag="710" ind1="2" ind2=" ">
      <subfield code="a">Ebook Central</subfield>
    </datafield>
    <datafield tag="776" ind1="0" ind2="8">
      <subfield code="i">Print version:</subfield>
      <subfield code="a">Darmon, Muriel.</subfield>
      <subfield code="t">Becoming anorexic : a sociological study.</subfield>
      <subfield code="d">Milton Park, Abingdon, Oxon : Routledge, 2017</subfield>
      <subfield code="k">Routledge advances in sociology</subfield>
      <subfield code="z">9781472466501</subfield>
    </datafield>
    <datafield tag="797" ind1="2" ind2=" ">
      <subfield code="a">ProQuest (Firm)</subfield>
    </datafield>
    <datafield tag="830" ind1=" " ind2="0">
      <subfield code="a">Routledge advances in sociology.</subfield>
    </datafield>
    <datafield tag="856" ind1="4" ind2="0">
      <subfield code="u">http://ebookcentral.proquest.com/lib/templeuniv-ebooks/detail.action?docID=4710180</subfield>
    </datafield>
    <datafield tag="945" ind1=" " ind2="1">
      <subfield code="l">w</subfield>
      <subfield code="a">RC552.A5</subfield>
      <subfield code="b">D3713 2017</subfield>
      <subfield code="s">e</subfield>
      <subfield code="t">29</subfield>
      <subfield code="z">090</subfield>
    </datafield>
    <datafield tag="979" ind1=" " ind2=" ">
      <subfield code="a">EBC4710180</subfield>
    </datafield>
    <datafield tag="980" ind1=" " ind2=" ">
      <subfield code="b">&lt;listprice100.0+0&gt;</subfield>
      <subfield code="e">&lt;netprice100.0+0&gt;</subfield>
      <subfield code="f">I</subfield>
      <subfield code="g">1</subfield>
    </datafield>
    <datafield tag="981" ind1=" " ind2=" ">
      <subfield code="a">Coutts</subfield>
      <subfield code="b">ctpdf</subfield>
      <subfield code="c">w</subfield>
      <subfield code="d">34499676</subfield>
      <subfield code="e">SLI</subfield>
    </datafield>
    <datafield tag="ADM" ind1=" " ind2=" ">
      <subfield code="b">2020-02-11 22:38:59</subfield>
      <subfield code="e">EBC4710180</subfield>
      <subfield code="d">COUTTS</subfield>
      <subfield code="a">2017-11-30 17:41:27</subfield>
      <subfield code="c">false</subfield>
    </datafield>
    <datafield tag="PRT" ind1=" " ind2=" ">
      <subfield code="updated">2017-11-30 17:41:41</subfield>
      <subfield code="i">61402288240003811</subfield>
      <subfield code="c">Ebook Central</subfield>
      <subfield code="created">2017-11-30 17:41:36</subfield>
      <subfield code="j">62402288230003811</subfield>
      <subfield code="a">53403294040003811</subfield>
      <subfield code="b">https://sandbox01-na.alma.exlibrisgroup.com/view/uresolver/01TULI_INST/openurl?u.ignore_date_coverage=true&amp;rft.mms_id=991036848121403811</subfield>
      <subfield code="9">Available</subfield>
      <subfield code="8">53403294040003811</subfield>
    </datafield>
  </record>