
  <record>
    <leader>03684nam a22005535i 4500</leader>
    <controlfield tag="001">991036801960703811</controlfield>
    <controlfield tag="005">20170925231844.0</controlfield>
    <controlfield tag="006">m     o  d |      </controlfield>
    <controlfield tag="007">cr nn 008mamaa</controlfield>
    <controlfield tag="008">160815s2016    xxk|    o    |||| 0|eng d</controlfield>
    <datafield tag="020" ind1=" " ind2=" ">
      <subfield code="a">1-137-53181-9</subfield>
    </datafield>
    <datafield tag="024" ind1="7" ind2=" ">
      <subfield code="a">10.1057/978-1-137-53181-0</subfield>
      <subfield code="2">doi</subfield>
    </datafield>
    <datafield tag="035" ind1=" " ind2=" ">
      <subfield code="a">(CKB)3710000000837772</subfield>
    </datafield>
    <datafield tag="035" ind1=" " ind2=" ">
      <subfield code="a">(DE-He213)978-1-137-53181-0</subfield>
    </datafield>
    <datafield tag="035" ind1=" " ind2=" ">
      <subfield code="a">(MiAaPQ)EBC4719902</subfield>
    </datafield>
    <datafield tag="035" ind1=" " ind2=" ">
      <subfield code="a">(EXLCZ)993710000000837772</subfield>
    </datafield>
    <datafield tag="050" ind1=" " ind2="4">
      <subfield code="a">HM401-1281</subfield>
    </datafield>
    <datafield tag="072" ind1=" " ind2="7">
      <subfield code="a">JFSJ</subfield>
      <subfield code="2">bicssc</subfield>
    </datafield>
    <datafield tag="072" ind1=" " ind2="7">
      <subfield code="a">SOC032000</subfield>
      <subfield code="2">bisacsh</subfield>
    </datafield>
    <datafield tag="082" ind1="0" ind2="4">
      <subfield code="a">305.3</subfield>
      <subfield code="2">23</subfield>
    </datafield>
    <datafield tag="100" ind1="1" ind2=" ">
      <subfield code="a">Guest, Carly.</subfield>
      <subfield code="e">author.</subfield>
      <subfield code="4">aut</subfield>
      <subfield code="4">http://id.loc.gov/vocabulary/relators/aut</subfield>
    </datafield>
    <datafield tag="245" ind1="1" ind2="0">
      <subfield code="a">Becoming Feminist</subfield>
      <subfield code="h">[electronic resource] :</subfield>
      <subfield code="b">Narratives and Memories /</subfield>
      <subfield code="c">by Carly Guest.</subfield>
    </datafield>
    <datafield tag="250" ind1=" " ind2=" ">
      <subfield code="a">1st ed. 2016.</subfield>
    </datafield>
    <datafield tag="264" ind1=" " ind2="1">
      <subfield code="a">London :</subfield>
      <subfield code="b">Palgrave Macmillan UK :</subfield>
      <subfield code="b">Imprint: Palgrave Macmillan,</subfield>
      <subfield code="c">2016.</subfield>
    </datafield>
    <datafield tag="300" ind1=" " ind2=" ">
      <subfield code="a">1 online resource (XI, 240 p. 7 illus. in color.) </subfield>
    </datafield>
    <datafield tag="336" ind1=" " ind2=" ">
      <subfield code="a">text</subfield>
      <subfield code="b">txt</subfield>
      <subfield code="2">rdacontent</subfield>
    </datafield>
    <datafield tag="337" ind1=" " ind2=" ">
      <subfield code="a">computer</subfield>
      <subfield code="b">c</subfield>
      <subfield code="2">rdamedia</subfield>
    </datafield>
    <datafield tag="338" ind1=" " ind2=" ">
      <subfield code="a">online resource</subfield>
      <subfield code="b">cr</subfield>
      <subfield code="2">rdacarrier</subfield>
    </datafield>
    <datafield tag="490" ind1="1" ind2=" ">
      <subfield code="a">Citizenship, Gender and Diversity</subfield>
    </datafield>
    <datafield tag="504" ind1=" " ind2=" ">
      <subfield code="a">Includes bibliographical references and index.</subfield>
    </datafield>
    <datafield tag="505" ind1="0" ind2=" ">
      <subfield code="a">Introduction -- Chapter 1.&#xA0;Narratives and memories of feminism -- Chapter 2.&#xA0;Rebecca: class, politics and family -- Chapter 3.&#xA0;Aaliyah and Jenny: feminist hope -- Chapter 4.&#xA0;Richa, Ruby and Beth: feeling feminism -- Chapter 5.&#xA0;The memory-work group: feminist belonging -- Chapter 6.&#xA0;Becoming feminist -- Appendices.</subfield>
    </datafield>
    <datafield tag="520" ind1=" " ind2=" ">
      <subfield code="a">This book&#xA0;offers a novel, detailed and sensitive exploration of women's engagement with feminism.&#xA0;Centred on the themes of generations, hope, emotions and belonging, each chapter attends to the specific and particular practices of 'becoming feminist' via a&#xA0;series of accessible&#xA0;case studies.&#xA0;Adopting a theoretical and methodological focus on narrative and memory, this original and absorbing work analyses&#xA0;the various and complex ways in which feminism and its histories are received and processed by some feminist women today.&#xA0;Its focus on the specificity of experience disrupts overarching narratives of feminism and its histories, whilst acknowledging that such narratives are often used to sustain, defend and maintain a secure feminist identity. In doing so, it develops a growing body of work concerned with the relationships women forge to feminism&#x2019;s pasts, presents and futures, with a distinct focus on the stories feminist women tell about their lives.&#xA0;It will appeal to students and scholars of&#xA0;sociology, psychosocial studies, gender studies, women's studies and cultural studies.</subfield>
    </datafield>
    <datafield tag="650" ind1=" " ind2="0">
      <subfield code="a">Sociology.</subfield>
    </datafield>
    <datafield tag="650" ind1=" " ind2="0">
      <subfield code="a">Feminist theory.</subfield>
    </datafield>
    <datafield tag="650" ind1=" " ind2="0">
      <subfield code="a">Consciousness.</subfield>
    </datafield>
    <datafield tag="650" ind1=" " ind2="0">
      <subfield code="a">Historiography.</subfield>
    </datafield>
    <datafield tag="650" ind1=" " ind2="0">
      <subfield code="a">Self.</subfield>
    </datafield>
    <datafield tag="650" ind1="1" ind2="4">
      <subfield code="a">Gender Studies.</subfield>
      <subfield code="0">http://scigraph.springernature.com/things/product-market-codes/X35000</subfield>
    </datafield>
    <datafield tag="650" ind1="2" ind2="4">
      <subfield code="a">Feminism.</subfield>
      <subfield code="0">http://scigraph.springernature.com/things/product-market-codes/E44030</subfield>
    </datafield>
    <datafield tag="650" ind1="2" ind2="4">
      <subfield code="a">Personality and Social Psychology.</subfield>
      <subfield code="0">http://scigraph.springernature.com/things/product-market-codes/Y20050</subfield>
    </datafield>
    <datafield tag="650" ind1="2" ind2="4">
      <subfield code="a">Sociology of Family, Youth and Aging.</subfield>
      <subfield code="0">http://scigraph.springernature.com/things/product-market-codes/X22080</subfield>
    </datafield>
    <datafield tag="650" ind1="2" ind2="4">
      <subfield code="a">Historiography and Method.</subfield>
      <subfield code="0">http://scigraph.springernature.com/things/product-market-codes/711000</subfield>
    </datafield>
    <datafield tag="650" ind1="2" ind2="4">
      <subfield code="a">Self and Identity.</subfield>
      <subfield code="0">http://scigraph.springernature.com/things/product-market-codes/Y20150</subfield>
    </datafield>
    <datafield tag="776" ind1=" " ind2=" ">
      <subfield code="z">1-137-53180-0</subfield>
    </datafield>
    <datafield tag="830" ind1=" " ind2="0">
      <subfield code="a">Citizenship, Gender and Diversity</subfield>
    </datafield>
    <datafield tag="906" ind1=" " ind2=" ">
      <subfield code="a">BOOK</subfield>
    </datafield>
    <datafield tag="ADM" ind1=" " ind2=" ">
      <subfield code="b">2019-10-24 08:44:02</subfield>
      <subfield code="e">993710000000837772</subfield>
      <subfield code="d">NON_SFX</subfield>
      <subfield code="f">20160815204443.0</subfield>
      <subfield code="a">2016-09-10 16:36:29</subfield>
      <subfield code="c">false</subfield>
    </datafield>
    <datafield tag="PRT" ind1=" " ind2=" ">
      <subfield code="updated">2017-06-21 08:18:33</subfield>
      <subfield code="i">61364673790003811</subfield>
      <subfield code="e">Springer Link</subfield>
      <subfield code="c">SpringerLink Books Complete</subfield>
      <subfield code="created">2017-06-21 08:18:26</subfield>
      <subfield code="j">62364673780003811</subfield>
      <subfield code="a">53366906630003811</subfield>
      <subfield code="b">https://sandbox01-na.alma.exlibrisgroup.com/view/uresolver/01TULI_INST/openurl?u.ignore_date_coverage=true&amp;rft.mms_id=991036801960703811</subfield>
      <subfield code="9">Available</subfield>
      <subfield code="h">611000000000001381</subfield>
      <subfield code="8">53366906630003811</subfield>
    </datafield>
  </record>