
  <record>
    <leader>03161nam  2200505Ia 4500</leader>
    <controlfield tag="001">991036898122203811</controlfield>
    <controlfield tag="005">20200130010931.0</controlfield>
    <controlfield tag="006">m     o  d |      </controlfield>
    <controlfield tag="007">cr#-n---------</controlfield>
    <controlfield tag="008">111102s2013    mdu     ob    001 0 eng d</controlfield>
    <datafield tag="020" ind1=" " ind2=" ">
      <subfield code="a">1-299-38778-0</subfield>
    </datafield>
    <datafield tag="020" ind1=" " ind2=" ">
      <subfield code="a">0-8108-8698-7</subfield>
    </datafield>
    <datafield tag="035" ind1=" " ind2=" ">
      <subfield code="a">(CKB)2550000001017475</subfield>
    </datafield>
    <datafield tag="035" ind1=" " ind2=" ">
      <subfield code="a">(EBL)1157593</subfield>
    </datafield>
    <datafield tag="035" ind1=" " ind2=" ">
      <subfield code="a">(SSID)ssj0000861329</subfield>
    </datafield>
    <datafield tag="035" ind1=" " ind2=" ">
      <subfield code="a">(PQKBManifestationID)12306203</subfield>
    </datafield>
    <datafield tag="035" ind1=" " ind2=" ">
      <subfield code="a">(PQKBTitleCode)TC0000861329</subfield>
    </datafield>
    <datafield tag="035" ind1=" " ind2=" ">
      <subfield code="a">(PQKBWorkID)10935899</subfield>
    </datafield>
    <datafield tag="035" ind1=" " ind2=" ">
      <subfield code="a">(PQKB)10164869</subfield>
    </datafield>
    <datafield tag="035" ind1=" " ind2=" ">
      <subfield code="a">(MiAaPQ)EBC1157593</subfield>
    </datafield>
    <datafield tag="035" ind1=" " ind2=" ">
      <subfield code="a">(EXLCZ)992550000001017475</subfield>
    </datafield>
    <datafield tag="040" ind1=" " ind2=" ">
      <subfield code="a">MiAaPQ</subfield>
      <subfield code="c">MiAaPQ</subfield>
      <subfield code="d">MiAaPQ</subfield>
    </datafield>
    <datafield tag="041" ind1=" " ind2=" ">
      <subfield code="a">eng</subfield>
    </datafield>
    <datafield tag="050" ind1=" " ind2="4">
      <subfield code="a">ML423.N3</subfield>
      <subfield code="b">N48 2013</subfield>
    </datafield>
    <datafield tag="082" ind1="0" ind2="0">
      <subfield code="a">780.89</subfield>
    </datafield>
    <datafield tag="100" ind1="1" ind2=" ">
      <subfield code="a">Nettl, Bruno,</subfield>
      <subfield code="d">1930-2020.</subfield>
    </datafield>
    <datafield tag="245" ind1="1" ind2="0">
      <subfield code="a">Becoming an ehnomusicologist</subfield>
      <subfield code="h">[electronic resource] :</subfield>
      <subfield code="b">a miscellany of influences /</subfield>
      <subfield code="c">Bruno Nettl.</subfield>
    </datafield>
    <datafield tag="260" ind1=" " ind2=" ">
      <subfield code="a">Lanham, MD ;</subfield>
      <subfield code="a">Oxford :</subfield>
      <subfield code="b">Scarecrow Press,</subfield>
      <subfield code="c">2013.</subfield>
    </datafield>
    <datafield tag="300" ind1=" " ind2=" ">
      <subfield code="a">1 online resource (241 p.)</subfield>
    </datafield>
    <datafield tag="336" ind1=" " ind2=" ">
      <subfield code="a">text</subfield>
      <subfield code="b">txt</subfield>
    </datafield>
    <datafield tag="337" ind1=" " ind2=" ">
      <subfield code="a">computer</subfield>
      <subfield code="b">c</subfield>
    </datafield>
    <datafield tag="338" ind1=" " ind2=" ">
      <subfield code="a">online resource</subfield>
      <subfield code="b">cr</subfield>
    </datafield>
    <datafield tag="490" ind1="1" ind2=" ">
      <subfield code="a">Europea : ethnomusicologies and modernities</subfield>
    </datafield>
    <datafield tag="500" ind1=" " ind2=" ">
      <subfield code="a">Description based upon print version of record.</subfield>
    </datafield>
    <datafield tag="505" ind1="0" ind2=" ">
      <subfield code="a">Contents; Foreword; Acknowledgments; Chronology; Introduction; Chapter One: My Mother, the Pianist; The Schumann Fantasie; Mozart's D-Minor Concerto, No. 20; Victor Ullmann's Sonatas; Nova&#x301;k's Sonata Eroica; Bach's "Capriccio"; Smetana's "Chicken"; Chapter Two: George Herzog and the Study of Native American Music; A Comparative Musicologist; The Ecology of Herzog's Researches; The Major Articles; Conclusion; Chapter Three: Studying Anthropology at Indiana University, 1949 to 1953; Inspired by Statistics and Maps; He Was a Polymath, but He Couldn't Teach ApesHow to Talk</subfield>
    </datafield>
    <datafield tag="505" ind1="8" ind2=" ">
      <subfield code="a">A Teacher Too Few of Today's StudentsWould RecognizeThe Dean and Occasional Folksinger; Chapter Four: Teachers in the Field; You Can't Be a Member of This Nation WithoutKnowing Its Songs; To Sing the Right Song; The Nightingale Does Not Repeat Itself; The Legend Lives On; Conclusion; Chapter Five: Remembering Paul Nettl-Free Associations; A Little Night Music, or the Family Composer; The Magic Flute; Kertzinger's Branle; The Battle of Kosovo; "Auf dem Pripetschek"; The "Catalog Aria"; From Bach's Orchestral Suite No. 3-"Air,"for Strings and the Gavotte; Haydn's Anthem for the Emperor</subfield>
    </datafield>
    <datafield tag="505" ind1="8" ind2=" ">
      <subfield code="a">"Sleepers, Awake!"Die scho&#x308;ne Mu&#x308;llerin; "The Academic Festival Overture"; "The Moldau," and a Song About a Fox; The Mendelssohn Violin Concerto; Gamelan Angklung; Die Meistersinger von Nu&#x308;rnberg; "Das Lied von der Erde"; "The Third Rasoumovsky Quartet"; The Reformation Symphony; The Spring Sonata; Mozart's "Violet"; Citations; Index; About the Author</subfield>
    </datafield>
    <datafield tag="520" ind1=" " ind2=" ">
      <subfield code="a">Becoming an Ethnomusicologist centers on the life and education of the author, Bruno Nettl, a well-known ethnomusicologist.</subfield>
    </datafield>
    <datafield tag="546" ind1=" " ind2=" ">
      <subfield code="a">English</subfield>
    </datafield>
    <datafield tag="504" ind1=" " ind2=" ">
      <subfield code="a">Includes bibliographical references and index.</subfield>
    </datafield>
    <datafield tag="650" ind1=" " ind2="0">
      <subfield code="a">Ethnomusicology.</subfield>
    </datafield>
    <datafield tag="650" ind1=" " ind2="0">
      <subfield code="a">Ethnomusicologists</subfield>
      <subfield code="v">Biography.</subfield>
    </datafield>
    <datafield tag="655" ind1=" " ind2="4">
      <subfield code="a">Electronic books.</subfield>
    </datafield>
    <datafield tag="776" ind1=" " ind2=" ">
      <subfield code="z">0-8108-8697-9</subfield>
    </datafield>
    <datafield tag="830" ind1=" " ind2="0">
      <subfield code="a">Europea.</subfield>
    </datafield>
    <datafield tag="906" ind1=" " ind2=" ">
      <subfield code="a">BOOK</subfield>
    </datafield>
    <datafield tag="ADM" ind1=" " ind2=" ">
      <subfield code="b">2020-02-04 01:40:55</subfield>
      <subfield code="e">(CKB)2550000001017475</subfield>
      <subfield code="d">EBC</subfield>
      <subfield code="a">2013-03-16 19:04:42</subfield>
      <subfield code="c">false</subfield>
    </datafield>
    <datafield tag="PRT" ind1=" " ind2=" ">
      <subfield code="updated">2018-04-18 21:03:54</subfield>
      <subfield code="i">61419889170003811</subfield>
      <subfield code="e">Ebook Central</subfield>
      <subfield code="c">Ebook Central Academic Complete</subfield>
      <subfield code="created">2018-04-18 21:03:21</subfield>
      <subfield code="j">62419889160003811</subfield>
      <subfield code="a">53420158330003811</subfield>
      <subfield code="b">https://sandbox01-na.alma.exlibrisgroup.com/view/uresolver/01TULI_INST/openurl?u.ignore_date_coverage=true&amp;rft.mms_id=991036898122203811</subfield>
      <subfield code="9">Available</subfield>
      <subfield code="h">614200000000000002</subfield>
      <subfield code="8">53420158330003811</subfield>
    </datafield>
    <datafield tag="PRT" ind1=" " ind2=" ">
      <subfield code="updated">2018-04-26 15:22:01</subfield>
      <subfield code="i">61423633630003811</subfield>
      <subfield code="e">Ebook Central</subfield>
      <subfield code="c">Ebook Central College Complete</subfield>
      <subfield code="created">2018-04-26 15:21:37</subfield>
      <subfield code="j">62423633620003811</subfield>
      <subfield code="a">53423808090003811</subfield>
      <subfield code="b">https://sandbox01-na.alma.exlibrisgroup.com/view/uresolver/01TULI_INST/openurl?u.ignore_date_coverage=true&amp;rft.mms_id=991036898122203811</subfield>
      <subfield code="9">Available</subfield>
      <subfield code="h">614330000000000032</subfield>
      <subfield code="8">53423808090003811</subfield>
    </datafield>
  </record>