
  <record>
    <leader>02037nam a22005773i 4500</leader>
    <controlfield tag="005">20200217084823.0</controlfield>
    <controlfield tag="006">m        d        </controlfield>
    <controlfield tag="007">cr||n|||||||||</controlfield>
    <controlfield tag="008">190830t20202020nyu     o     000 0aeng d</controlfield>
    <controlfield tag="001">991037740020503811</controlfield>
    <datafield tag="019" ind1=" " ind2=" ">
      <subfield code="a">1105953971</subfield>
      <subfield code="a">1135980759</subfield>
    </datafield>
    <datafield tag="020" ind1=" " ind2=" ">
      <subfield code="a">9781982105099</subfield>
      <subfield code="q">(hardcover)</subfield>
    </datafield>
    <datafield tag="020" ind1=" " ind2=" ">
      <subfield code="a">1982105097</subfield>
      <subfield code="q">(hardcover)</subfield>
    </datafield>
    <datafield tag="020" ind1=" " ind2=" ">
      <subfield code="a">9781982105105</subfield>
      <subfield code="q">(paperback)</subfield>
    </datafield>
    <datafield tag="020" ind1=" " ind2=" ">
      <subfield code="a">9781982105112 (Proquest Ebook Central)</subfield>
    </datafield>
    <datafield tag="020" ind1=" " ind2=" ">
      <subfield code="a">1982105119</subfield>
    </datafield>
    <datafield tag="020" ind1=" " ind2=" ">
      <subfield code="a">9781982105112</subfield>
    </datafield>
    <datafield tag="035" ind1=" " ind2=" ">
      <subfield code="a">(MiAaPQ)EBC6002573</subfield>
    </datafield>
    <datafield tag="035" ind1=" " ind2=" ">
      <subfield code="a">(OCoLC)1135668783</subfield>
    </datafield>
    <datafield tag="035" ind1=" " ind2=" ">
      <subfield code="a">(CaONFJC)EBC6002573</subfield>
    </datafield>
    <datafield tag="037" ind1=" " ind2=" ">
      <subfield code="a">6002573</subfield>
      <subfield code="b">Proquest Ebook Central</subfield>
    </datafield>
    <datafield tag="040" ind1=" " ind2=" ">
      <subfield code="a">CaONFJC</subfield>
      <subfield code="e">rda</subfield>
      <subfield code="c">CaONFJC</subfield>
    </datafield>
    <datafield tag="043" ind1=" " ind2=" ">
      <subfield code="a">n-us---</subfield>
    </datafield>
    <datafield tag="050" ind1="0" ind2="4">
      <subfield code="a">HQ77.8.C363</subfield>
      <subfield code="b">A3 2020eb</subfield>
    </datafield>
    <datafield tag="082" ind1="0" ind2="4">
      <subfield code="a">306.76/80973</subfield>
      <subfield code="2">23</subfield>
    </datafield>
    <datafield tag="100" ind1="0" ind2=" ">
      <subfield code="a">P. Carl,</subfield>
      <subfield code="d">1966-</subfield>
      <subfield code="e">author.</subfield>
    </datafield>
    <datafield tag="245" ind1="1" ind2="0">
      <subfield code="a">Becoming a man</subfield>
      <subfield code="h">[electronic resource] :</subfield>
      <subfield code="b">the story of a transition /</subfield>
      <subfield code="c">P. Carl.</subfield>
    </datafield>
    <datafield tag="250" ind1=" " ind2=" ">
      <subfield code="a">First Simon &amp; Schuster hardcover edition.</subfield>
    </datafield>
    <datafield tag="264" ind1=" " ind2="1">
      <subfield code="a">New York :</subfield>
      <subfield code="b">Simon and Schuster,</subfield>
      <subfield code="c">2020.</subfield>
    </datafield>
    <datafield tag="264" ind1=" " ind2="4">
      <subfield code="c">&#xA9;2020</subfield>
    </datafield>
    <datafield tag="300" ind1=" " ind2=" ">
      <subfield code="a">1 online resource (vii, 227 pages)</subfield>
    </datafield>
    <datafield tag="336" ind1=" " ind2=" ">
      <subfield code="a">text</subfield>
      <subfield code="b">txt</subfield>
      <subfield code="2">rdacontent</subfield>
    </datafield>
    <datafield tag="337" ind1=" " ind2=" ">
      <subfield code="a">computer</subfield>
      <subfield code="b">c</subfield>
      <subfield code="2">rdamedia</subfield>
    </datafield>
    <datafield tag="338" ind1=" " ind2=" ">
      <subfield code="a">online resource</subfield>
      <subfield code="b">cr</subfield>
      <subfield code="2">rdacarrier</subfield>
    </datafield>
    <datafield tag="588" ind1=" " ind2=" ">
      <subfield code="a">Description based on print version record.</subfield>
    </datafield>
    <datafield tag="650" ind1=" " ind2="0">
      <subfield code="a">Female-to-male transsexuals</subfield>
      <subfield code="z">United States</subfield>
      <subfield code="v">Biography.</subfield>
    </datafield>
    <datafield tag="650" ind1=" " ind2="0">
      <subfield code="a">Transgender people</subfield>
      <subfield code="z">United States</subfield>
      <subfield code="v">Biography.</subfield>
    </datafield>
    <datafield tag="650" ind1=" " ind2="0">
      <subfield code="a">Gender identity</subfield>
      <subfield code="z">United States</subfield>
      <subfield code="x">Psychological aspects.</subfield>
    </datafield>
    <datafield tag="650" ind1="1" ind2="2">
      <subfield code="a">Transgender Persons.</subfield>
    </datafield>
    <datafield tag="650" ind1="1" ind2="2">
      <subfield code="a">Gender Identity.</subfield>
    </datafield>
    <datafield tag="650" ind1="1" ind2="2">
      <subfield code="a">Transsexualism.</subfield>
    </datafield>
    <datafield tag="650" ind1="1" ind2="2">
      <subfield code="a">Sex Reassignment Procedures.</subfield>
    </datafield>
    <datafield tag="651" ind1=" " ind2="2">
      <subfield code="a">United States.</subfield>
    </datafield>
    <datafield tag="655" ind1=" " ind2="2">
      <subfield code="a">Autobiography.</subfield>
    </datafield>
    <datafield tag="655" ind1=" " ind2="7">
      <subfield code="a">Electronic books.</subfield>
      <subfield code="2">local</subfield>
    </datafield>
    <datafield tag="710" ind1="2" ind2=" ">
      <subfield code="a">Ebook Central</subfield>
    </datafield>
    <datafield tag="776" ind1="0" ind2="8">
      <subfield code="i">Print version:</subfield>
      <subfield code="z">9781982105099</subfield>
    </datafield>
    <datafield tag="856" ind1="4" ind2="0">
      <subfield code="u">https://ebookcentral.proquest.com/lib/templeuniv-ebooks/detail.action?docID=6002573</subfield>
    </datafield>
    <datafield tag="945" ind1=" " ind2="1">
      <subfield code="l">w</subfield>
      <subfield code="a">HQ77.8.C363</subfield>
      <subfield code="b">A3 2020eb</subfield>
      <subfield code="s">e</subfield>
      <subfield code="t">29</subfield>
      <subfield code="z">090</subfield>
    </datafield>
    <datafield tag="979" ind1=" " ind2=" ">
      <subfield code="a">EBC6002573</subfield>
    </datafield>
    <datafield tag="980" ind1=" " ind2=" ">
      <subfield code="b">&lt;listprice100.0+0&gt;</subfield>
      <subfield code="e">&lt;netprice100.0+0&gt;</subfield>
      <subfield code="f">I</subfield>
      <subfield code="g">1</subfield>
    </datafield>
    <datafield tag="981" ind1=" " ind2=" ">
      <subfield code="a">Coutts</subfield>
      <subfield code="b">ctpdf</subfield>
      <subfield code="c">w</subfield>
      <subfield code="d">55445924</subfield>
      <subfield code="e">SLI</subfield>
    </datafield>
    <datafield tag="ADM" ind1=" " ind2=" ">
      <subfield code="b">2020-10-22 08:29:31</subfield>
      <subfield code="e">EBC6002573</subfield>
      <subfield code="d">COUTTS</subfield>
      <subfield code="f">20200217084823.0</subfield>
      <subfield code="a">2020-10-21 13:06:27</subfield>
      <subfield code="c">false</subfield>
    </datafield>
    <datafield tag="PRT" ind1=" " ind2=" ">
      <subfield code="i">61402288240003811</subfield>
      <subfield code="updated">2020-10-21 13:08:09</subfield>
      <subfield code="c">Ebook Central</subfield>
      <subfield code="created">2020-10-21 13:07:48</subfield>
      <subfield code="j">62402288230003811</subfield>
      <subfield code="a">53537215070003811</subfield>
      <subfield code="b">https://sandbox01-na.alma.exlibrisgroup.com/view/uresolver/01TULI_INST/openurl?u.ignore_date_coverage=true&amp;rft.mms_id=991037740020503811</subfield>
      <subfield code="9">Available</subfield>
      <subfield code="8">53537215070003811</subfield>
    </datafield>
  </record>