
  <record>
    <leader>05731nam a22009255i 4500</leader>
    <controlfield tag="001">991036734161603811</controlfield>
    <controlfield tag="005">20190708092533.0</controlfield>
    <controlfield tag="006">m|||||o||d||||||||</controlfield>
    <controlfield tag="007">cr cn|||||||||</controlfield>
    <controlfield tag="008">190708s2012    mau    fo  d z      eng d</controlfield>
    <datafield tag="020" ind1=" " ind2=" ">
      <subfield code="a">0-674-06276-0</subfield>
    </datafield>
    <datafield tag="024" ind1="7" ind2=" ">
      <subfield code="a">10.4159/harvard.9780674062764</subfield>
      <subfield code="2">doi</subfield>
    </datafield>
    <datafield tag="035" ind1=" " ind2=" ">
      <subfield code="a">(CKB)2550000000087226</subfield>
    </datafield>
    <datafield tag="035" ind1=" " ind2=" ">
      <subfield code="a">(OCoLC)776588136</subfield>
    </datafield>
    <datafield tag="035" ind1=" " ind2=" ">
      <subfield code="a">(CaPaEBR)ebrary10531198</subfield>
    </datafield>
    <datafield tag="035" ind1=" " ind2=" ">
      <subfield code="a">(SSID)ssj0000598623</subfield>
    </datafield>
    <datafield tag="035" ind1=" " ind2=" ">
      <subfield code="a">(PQKBManifestationID)11381386</subfield>
    </datafield>
    <datafield tag="035" ind1=" " ind2=" ">
      <subfield code="a">(PQKBTitleCode)TC0000598623</subfield>
    </datafield>
    <datafield tag="035" ind1=" " ind2=" ">
      <subfield code="a">(PQKBWorkID)10590825</subfield>
    </datafield>
    <datafield tag="035" ind1=" " ind2=" ">
      <subfield code="a">(PQKB)11134090</subfield>
    </datafield>
    <datafield tag="035" ind1=" " ind2=" ">
      <subfield code="a">(MiAaPQ)EBC3301041</subfield>
    </datafield>
    <datafield tag="035" ind1=" " ind2=" ">
      <subfield code="a">(DE-B1597)178277</subfield>
    </datafield>
    <datafield tag="035" ind1=" " ind2=" ">
      <subfield code="a">(OCoLC)1013955681</subfield>
    </datafield>
    <datafield tag="035" ind1=" " ind2=" ">
      <subfield code="a">(OCoLC)1037980080</subfield>
    </datafield>
    <datafield tag="035" ind1=" " ind2=" ">
      <subfield code="a">(OCoLC)1041785835</subfield>
    </datafield>
    <datafield tag="035" ind1=" " ind2=" ">
      <subfield code="a">(OCoLC)1042106128</subfield>
    </datafield>
    <datafield tag="035" ind1=" " ind2=" ">
      <subfield code="a">(OCoLC)840435888</subfield>
    </datafield>
    <datafield tag="035" ind1=" " ind2=" ">
      <subfield code="a">(DE-B1597)9780674062764</subfield>
    </datafield>
    <datafield tag="035" ind1=" " ind2=" ">
      <subfield code="a">(EXLCZ)992550000000087226</subfield>
    </datafield>
    <datafield tag="040" ind1=" " ind2=" ">
      <subfield code="a">DE-B1597</subfield>
      <subfield code="b">eng</subfield>
      <subfield code="c">DE-B1597</subfield>
      <subfield code="e">rda</subfield>
    </datafield>
    <datafield tag="041" ind1=" " ind2=" ">
      <subfield code="a">eng</subfield>
    </datafield>
    <datafield tag="043" ind1=" " ind2=" ">
      <subfield code="a">e-uk-en</subfield>
    </datafield>
    <datafield tag="044" ind1=" " ind2=" ">
      <subfield code="a">mau</subfield>
      <subfield code="c">US-MA</subfield>
    </datafield>
    <datafield tag="050" ind1=" " ind2="4">
      <subfield code="a">PR4582</subfield>
      <subfield code="b">.D68 2011</subfield>
    </datafield>
    <datafield tag="072" ind1=" " ind2="7">
      <subfield code="a">BIO007000</subfield>
      <subfield code="2">bisacsh</subfield>
    </datafield>
    <datafield tag="082" ind1="0" ind2="4">
      <subfield code="a">823.8</subfield>
      <subfield code="2">21</subfield>
    </datafield>
    <datafield tag="100" ind1="1" ind2=" ">
      <subfield code="a">Douglas-Fairhurst, Robert, </subfield>
      <subfield code="e">author.</subfield>
    </datafield>
    <datafield tag="245" ind1="1" ind2="0">
      <subfield code="a">Becoming Dickens :</subfield>
      <subfield code="b">The Invention of a Novelist /</subfield>
      <subfield code="c">Robert Douglas-Fairhurst.</subfield>
    </datafield>
    <datafield tag="264" ind1=" " ind2="1">
      <subfield code="a">Cambridge, MA : </subfield>
      <subfield code="b">Harvard University Press, </subfield>
      <subfield code="c">[2012]</subfield>
    </datafield>
    <datafield tag="264" ind1=" " ind2="4">
      <subfield code="c">&#xA9;2011</subfield>
    </datafield>
    <datafield tag="300" ind1=" " ind2=" ">
      <subfield code="a">1 online resource (416 p.) </subfield>
    </datafield>
    <datafield tag="336" ind1=" " ind2=" ">
      <subfield code="a">text</subfield>
      <subfield code="b">txt</subfield>
    </datafield>
    <datafield tag="337" ind1=" " ind2=" ">
      <subfield code="a">computer</subfield>
      <subfield code="b">c</subfield>
    </datafield>
    <datafield tag="338" ind1=" " ind2=" ">
      <subfield code="a">online resource</subfield>
      <subfield code="b">cr</subfield>
    </datafield>
    <datafield tag="500" ind1=" " ind2=" ">
      <subfield code="a">Bibliographic Level Mode of Issuance: Monograph</subfield>
    </datafield>
    <datafield tag="546" ind1=" " ind2=" ">
      <subfield code="a">English</subfield>
    </datafield>
    <datafield tag="504" ind1=" " ind2=" ">
      <subfield code="a">Includes bibliographical references and index.</subfield>
    </datafield>
    <datafield tag="505" ind1="0" ind2="0">
      <subfield code="t"> Frontmatter -- </subfield>
      <subfield code="t">Contents -- </subfield>
      <subfield code="t">Prologue: Somebody and Nobody -- </subfield>
      <subfield code="t">Chapter One. Lost and Found -- </subfield>
      <subfield code="t">Chapter Two. The Clerk's Tale -- </subfield>
      <subfield code="t">Chapter Three. Up in the Gallery -- </subfield>
      <subfield code="t">Chapter Four. Mr. Dickin -- </subfield>
      <subfield code="t">Chapter Five. "Here We Are!" -- </subfield>
      <subfield code="t">Chapter Six. Becoming Boz -- </subfield>
      <subfield code="t">Chapter Seven. The Moving Age -- </subfield>
      <subfield code="t">Chapter Eight. "Pickwick, Triumphant" -- </subfield>
      <subfield code="t">Chapter Nine. Writer -- </subfield>
      <subfield code="t">Chapter Ten. Dickens at Home -- </subfield>
      <subfield code="t">Chapter Eleven. Is She His Wife? -- </subfield>
      <subfield code="t">Chapter Twelve. Being Dickens -- </subfield>
      <subfield code="t">Postscript: Signing Off -- </subfield>
      <subfield code="t">Notes -- </subfield>
      <subfield code="t">Acknowledgments -- </subfield>
      <subfield code="t">Index</subfield>
    </datafield>
    <datafield tag="588" ind1="0" ind2=" ">
      <subfield code="a">Description based on online resource; title from PDF title page (publisher's Web site, viewed 08. Jul 2019)</subfield>
    </datafield>
    <datafield tag="520" ind1=" " ind2=" ">
      <subfield code="a">Becoming Dickens tells the story of how an ambitious young Londoner became England's greatest novelist. In following the twists and turns of Charles Dickens's early career, Robert Douglas-Fairhurst examines a remarkable double transformation: in reinventing himself Dickens reinvented the form of the novel. It was a high-stakes gamble, and Dickens never forgot how differently things could have turned out. Like the hero of Dombey and Son, he remained haunted by "what might have been, and what was not."In his own lifetime, Dickens was without rivals. He styled himself simply "The Inimitable." But he was not always confident about his standing in the world. From his traumatized childhood to the suicide of his first collaborator and the sudden death of the woman who had a good claim to being the love of his life, Dickens faced powerful obstacles. Before settling on the profession of novelist, he tried his hand at the law and journalism, considered a career in acting, and even contemplated emigrating to the West Indies. Yet with The Pickwick Papers, Oliver Twist, and a groundbreaking series of plays, sketches, and articles, he succeeded in turning every potential breakdown into a breakthrough.Douglas-Fairhurst's provocative new biography, focused on the 1830s, portrays a restless and uncertain Dickens who could not decide on the career path he should take and would never feel secure in his considerable achievements.</subfield>
    </datafield>
    <datafield tag="600" ind1="1" ind2="0">
      <subfield code="a">Dickens, Charles,</subfield>
      <subfield code="d">1812-1870.</subfield>
    </datafield>
    <datafield tag="650" ind1=" " ind2="0">
      <subfield code="a">Novelists, English</subfield>
      <subfield code="y">19th century</subfield>
      <subfield code="v">Biography.</subfield>
    </datafield>
    <datafield tag="655" ind1=" " ind2="4">
      <subfield code="a">Electronic books.</subfield>
    </datafield>
    <datafield tag="776" ind1=" " ind2=" ">
      <subfield code="z">0-674-07223-5</subfield>
    </datafield>
    <datafield tag="776" ind1=" " ind2=" ">
      <subfield code="z">0-674-05003-7</subfield>
    </datafield>
    <datafield tag="906" ind1=" " ind2=" ">
      <subfield code="a">BOOK</subfield>
    </datafield>
    <datafield tag="ADM" ind1=" " ind2=" ">
      <subfield code="b">2020-10-26 02:23:31</subfield>
      <subfield code="e">992550000000087226</subfield>
      <subfield code="d">NON_SFX</subfield>
      <subfield code="f">20160806230105.0</subfield>
      <subfield code="a">2012-04-01 12:08:16</subfield>
      <subfield code="c">false</subfield>
    </datafield>
    <datafield tag="PRT" ind1=" " ind2=" ">
      <subfield code="i">61462386960003811</subfield>
      <subfield code="updated">2019-04-29 19:59:26</subfield>
      <subfield code="e">EBSCOhost</subfield>
      <subfield code="c">EBSCOhost Ebook Public Library Collection - North America</subfield>
      <subfield code="created">2019-04-29 19:58:22</subfield>
      <subfield code="j">62462386950003811</subfield>
      <subfield code="a">53463382540003811</subfield>
      <subfield code="b">https://sandbox01-na.alma.exlibrisgroup.com/view/uresolver/01TULI_INST/openurl?u.ignore_date_coverage=true&amp;rft.mms_id=991036734161603811</subfield>
      <subfield code="9">Available</subfield>
      <subfield code="h">614900000000000308</subfield>
      <subfield code="8">53463382540003811</subfield>
    </datafield>
    <datafield tag="PRT" ind1=" " ind2=" ">
      <subfield code="i">61419889170003811</subfield>
      <subfield code="updated">2018-04-18 23:55:42</subfield>
      <subfield code="e">Ebook Central</subfield>
      <subfield code="c">Ebook Central Academic Complete</subfield>
      <subfield code="created">2018-04-18 23:55:13</subfield>
      <subfield code="j">62419889160003811</subfield>
      <subfield code="a">53421266990003811</subfield>
      <subfield code="b">https://sandbox01-na.alma.exlibrisgroup.com/view/uresolver/01TULI_INST/openurl?u.ignore_date_coverage=true&amp;rft.mms_id=991036734161603811</subfield>
      <subfield code="9">Available</subfield>
      <subfield code="h">614200000000000002</subfield>
      <subfield code="8">53421266990003811</subfield>
    </datafield>
    <datafield tag="PRT" ind1=" " ind2=" ">
      <subfield code="i">61395691750003811</subfield>
      <subfield code="updated">2017-07-08 14:25:12</subfield>
      <subfield code="e">EBSCOhost</subfield>
      <subfield code="c">EBSCOhost eBook Community College Collection</subfield>
      <subfield code="created">2017-07-08 14:24:44</subfield>
      <subfield code="j">62395691740003811</subfield>
      <subfield code="a">53396028890003811</subfield>
      <subfield code="b">https://sandbox01-na.alma.exlibrisgroup.com/view/uresolver/01TULI_INST/openurl?u.ignore_date_coverage=true&amp;rft.mms_id=991036734161603811</subfield>
      <subfield code="9">Available</subfield>
      <subfield code="h">613860000000000003</subfield>
      <subfield code="8">53396028890003811</subfield>
    </datafield>
    <datafield tag="PRT" ind1=" " ind2=" ">
      <subfield code="i">61391921830003811</subfield>
      <subfield code="updated">2017-07-07 22:10:46</subfield>
      <subfield code="e">EBSCOhost</subfield>
      <subfield code="c">EBSCOhost Academic eBook Collection (North America)</subfield>
      <subfield code="created">2017-07-07 22:09:44</subfield>
      <subfield code="j">62391921820003811</subfield>
      <subfield code="a">53392513570003811</subfield>
      <subfield code="b">https://sandbox01-na.alma.exlibrisgroup.com/view/uresolver/01TULI_INST/openurl?u.ignore_date_coverage=true&amp;rft.mms_id=991036734161603811</subfield>
      <subfield code="9">Available</subfield>
      <subfield code="h">613640000000000029</subfield>
      <subfield code="8">53392513570003811</subfield>
    </datafield>
    <datafield tag="PRT" ind1=" " ind2=" ">
      <subfield code="i">61406135080003811</subfield>
      <subfield code="updated">2018-03-18 05:23:56</subfield>
      <subfield code="e">EBSCOhost</subfield>
      <subfield code="c">EBSCOhost eBook History Collection - North America</subfield>
      <subfield code="created">2017-12-18 20:35:22</subfield>
      <subfield code="j">62406135070003811</subfield>
      <subfield code="a">53406211140003811</subfield>
      <subfield code="b">https://sandbox01-na.alma.exlibrisgroup.com/view/uresolver/01TULI_INST/openurl?u.ignore_date_coverage=true&amp;rft.mms_id=991036734161603811</subfield>
      <subfield code="9">Available</subfield>
      <subfield code="h">613790000000001582</subfield>
      <subfield code="8">53406211140003811</subfield>
    </datafield>
    <datafield tag="PRT" ind1=" " ind2=" ">
      <subfield code="i">61437208860003811</subfield>
      <subfield code="updated">2018-11-05 16:41:22</subfield>
      <subfield code="e">EBSCOhost</subfield>
      <subfield code="c">Ebscohost Ebooks University Press Collection (North America)</subfield>
      <subfield code="created">2018-11-05 16:39:34</subfield>
      <subfield code="j">62437208850003811</subfield>
      <subfield code="a">53437714040003811</subfield>
      <subfield code="b">https://sandbox01-na.alma.exlibrisgroup.com/view/uresolver/01TULI_INST/openurl?u.ignore_date_coverage=true&amp;rft.mms_id=991036734161603811</subfield>
      <subfield code="9">Available</subfield>
      <subfield code="h">614930000000000023</subfield>
      <subfield code="8">53437714040003811</subfield>
    </datafield>
    <datafield tag="PRT" ind1=" " ind2=" ">
      <subfield code="i">61423633630003811</subfield>
      <subfield code="updated">2018-04-26 16:47:38</subfield>
      <subfield code="e">Ebook Central</subfield>
      <subfield code="c">Ebook Central College Complete</subfield>
      <subfield code="created">2018-04-26 16:47:12</subfield>
      <subfield code="j">62423633620003811</subfield>
      <subfield code="a">53424473080003811</subfield>
      <subfield code="b">https://sandbox01-na.alma.exlibrisgroup.com/view/uresolver/01TULI_INST/openurl?u.ignore_date_coverage=true&amp;rft.mms_id=991036734161603811</subfield>
      <subfield code="9">Available</subfield>
      <subfield code="h">614330000000000032</subfield>
      <subfield code="8">53424473080003811</subfield>
    </datafield>
  </record>