
  <record>
    <leader>05300ngm a2200529Ia 4500</leader>
    <controlfield tag="005">20140429151047.0</controlfield>
    <controlfield tag="006">m|||||o||c||||||||</controlfield>
    <controlfield tag="007">vz|czazuu</controlfield>
    <controlfield tag="007">cr|cna</controlfield>
    <controlfield tag="008">140429s2003||||nyu254||||||||o|||vleng|d</controlfield>
    <controlfield tag="001">991037487794603811</controlfield>
    <datafield tag="028" ind1="4" ind2="0">
      <subfield code="a">36510</subfield>
      <subfield code="b">Infobase</subfield>
    </datafield>
    <datafield tag="035" ind1=" " ind2=" ">
      <subfield code="a">100036510</subfield>
    </datafield>
    <datafield tag="035" ind1=" " ind2=" ">
      <subfield code="a">(OCoLC)798254544</subfield>
    </datafield>
    <datafield tag="035" ind1=" " ind2=" ">
      <subfield code="a">(FOD)100036510</subfield>
    </datafield>
    <datafield tag="040" ind1=" " ind2=" ">
      <subfield code="a">AzPhAEM</subfield>
    </datafield>
    <datafield tag="041" ind1="0" ind2=" ">
      <subfield code="a">eng</subfield>
      <subfield code="j">eng</subfield>
    </datafield>
    <datafield tag="245" ind1="0" ind2="0">
      <subfield code="a">Becoming American</subfield>
      <subfield code="h">[electronic resource (video)] :</subfield>
      <subfield code="b">The Chinese Experience /</subfield>
      <subfield code="c">Public Affairs Television (Firm).</subfield>
    </datafield>
    <datafield tag="246" ind1="3" ind2=" ">
      <subfield code="a">Chinese Experience</subfield>
    </datafield>
    <datafield tag="260" ind1="3" ind2=" ">
      <subfield code="a">New York, N.Y. :</subfield>
      <subfield code="b">Infobase,</subfield>
      <subfield code="c">[2012], c2003.</subfield>
    </datafield>
    <datafield tag="300" ind1=" " ind2=" ">
      <subfield code="a">1 streaming video file (254 min.) :</subfield>
      <subfield code="b">sd., col.</subfield>
    </datafield>
    <datafield tag="500" ind1=" " ind2=" ">
      <subfield code="a">Encoded with permission for digital streaming by Infobase on May 02, 2012.</subfield>
    </datafield>
    <datafield tag="500" ind1=" " ind2=" ">
      <subfield code="a">Films on Demand is distributed by Infobase for Films for the Humanities &amp; Sciences, Cambridge Educational, Meridian Education, and Shopware.</subfield>
    </datafield>
    <datafield tag="505" ind1="0" ind2=" ">
      <subfield code="a">Painful Past (4:22) -- Chinese Arrive in America (2:32) -- Obligation to Family and Village (4:28) -- Gold Mountain Dreams (3:27) -- Chinese Welcome in San Fransisco (3:25) -- Chinese Culture Arrives in America (2:37) -- Chinese Six Companies (3:32) -- John Chinaman (3:06) -- Subliminal Assimilation and Stereotyping (2:43) -- Lalu Nathoy (3:47) -- Shanghai Gulch, Idaho (2:16) -- Racial Animosity and Coexistance (1:55) -- Mrs. Polly Bemis (2:25) -- Anti-Chinese Cause (3:02) -- Science of Measuring Heads (2:45) -- Demand for Equal Pay (3:34) -- Guests of the Gold Mountain (2:37) -- Settling in America (2:43) -- Strike Breakers (2:17) -- "The Yellow Threat" (2:23) -- Attacks on Leland Stanford (4:26) -- Anti-Chinese Violence (2:40) -- Exchange and Assimilation (4:15) -- Denis Kearney's Political Party (2:08) -- Changing Views on Chinese Immigration (2:16) -- Calls for Chinese Exclusion (1:58) -- Chinese Exclusion  Act (2:28) -- Anti-Immigrant Acts (1:48) -- Credits: Gold Mountain Dreams (3:50) -- Snake River Massacre (4:28) -- Headquarters of Chinese America (2:34) -- Chinese Exclusion  Act (2:55) -- Story of Typical Immigrant Family (5:39) -- Chinese American (2:13) -- Chinese American (3:04) -- Challenging Anti-Chinese Law (2:13) -- Cubic Air Ordinance (3:38) -- Chinese Activism (2:21) -- Patriarchal Society (2:50) -- Indentured Servants (2:02) -- Donaldina Cameron's "Mission Girls" (3:42) -- Declining Chinese Population (3:57) -- Paper Son Citizenship (4:23) -- Ellis Island of the West (6:39) -- Trapped by Racism and Custom (2:50) -- Suspended Between Two Countries (2:57) -- Woman of 1,000 Deaths (2:48) -- World's Most Visible Chinese American (3:58) -- New Generation of Chinese Americans (2:49) -- Old Generation of Chinese Americans (2:25) -- Refuting Chinese Culture (2:51) -- The "Good Asians" (3:36) -- Chinese Americans in WWII (2:01) -- A New Era (3:09) -- Credits: Between Two Worlds (4:06) -- No Turning Back (2:56) -- Legacy of the Exclusion Law (2:22) -- Lost Generation of China (3:36) -- Chinese American Shame (2:19) -- Searching for Communist Sympathizers (2:45) -- Trying to Fit In (3:59) -- Communist China (4:07) -- Lost Decade in China (2:20) -- Chinese American in 1960 (2:59) -- Asian American Identity (3:21) -- Discovering Chinese American History (2:57) -- New Face of Chinatown (2:12) -- Cultural Revolution (2:38) -- Murder of Vincent Chin (3:30) -- Asian American Advocacy Group (3:36) -- Changing Chinese American Population (2:55) -- Chinese American Emphasis on Education (3:12) -- Family Tradition of Shame (2:55) -- Tight Chinese Communities (3:17) -- Model Minorities (4:02) -- Many Chinese American Worlds (3:01) -- Internet Revolution (3:04) -- Choosing Cultural Identity (2:52) -- New Image of Asians (2:53) -- American Dream Realized (3:57) -- Credits: No Turning Back (3:29)</subfield>
    </datafield>
    <datafield tag="506" ind1=" " ind2=" ">
      <subfield code="a">Access requires authentication through Films on Demand.</subfield>
    </datafield>
    <datafield tag="520" ind1=" " ind2=" ">
      <subfield code="a">What does it mean to become American? What is lost and what is gained in the process? In interviews with historians, descendants, and recent immigrants, this set of powerful Bill Moyers documentaries explores these questions through the dramatic experience of the Chinese in America. Includes Gold Mountain Dreams, Between Two Worlds, and No Turning Back.</subfield>
    </datafield>
    <datafield tag="521" ind1="2" ind2=" ">
      <subfield code="a">10 &amp; up.</subfield>
    </datafield>
    <datafield tag="538" ind1=" " ind2=" ">
      <subfield code="a">Mode of access: Internet.</subfield>
    </datafield>
    <datafield tag="538" ind1=" " ind2=" ">
      <subfield code="a">System requirements: FOD playback platform.</subfield>
    </datafield>
    <datafield tag="546" ind1=" " ind2=" ">
      <subfield code="a">Closed-captioned.</subfield>
    </datafield>
    <datafield tag="588" ind1=" " ind2=" ">
      <subfield code="a">Title from distributor's description.</subfield>
    </datafield>
    <datafield tag="590" ind1=" " ind2=" ">
      <subfield code="a">Access is available to the Temple Community through use of a networked computer with a Temple IP address.</subfield>
    </datafield>
    <datafield tag="650" ind1=" " ind2="0">
      <subfield code="a">Asian Americans.</subfield>
    </datafield>
    <datafield tag="650" ind1=" " ind2="0">
      <subfield code="a">Chinese Americans.</subfield>
    </datafield>
    <datafield tag="650" ind1=" " ind2="0">
      <subfield code="a">Chinese</subfield>
      <subfield code="z">United States</subfield>
      <subfield code="x">History.</subfield>
    </datafield>
    <datafield tag="650" ind1=" " ind2="0">
      <subfield code="a">Emigration and immigration.</subfield>
    </datafield>
    <datafield tag="650" ind1=" " ind2="0">
      <subfield code="a">Ethnicity.</subfield>
    </datafield>
    <datafield tag="650" ind1=" " ind2="0">
      <subfield code="a">Racism.</subfield>
    </datafield>
    <datafield tag="650" ind1=" " ind2="0">
      <subfield code="a">Sociology.</subfield>
    </datafield>
    <datafield tag="651" ind1=" " ind2="0">
      <subfield code="a">United States</subfield>
      <subfield code="x">Emigration and immigration</subfield>
      <subfield code="x">History</subfield>
      <subfield code="y">19th century.</subfield>
    </datafield>
    <datafield tag="655" ind1=" " ind2="0">
      <subfield code="a">Educational films.</subfield>
    </datafield>
    <datafield tag="655" ind1=" " ind2="0">
      <subfield code="a">Internet videos.</subfield>
    </datafield>
    <datafield tag="655" ind1=" " ind2="7">
      <subfield code="a">Videorecording.</subfield>
      <subfield code="2">local</subfield>
    </datafield>
    <datafield tag="655" ind1=" " ind2="0">
      <subfield code="a">Streaming video.</subfield>
    </datafield>
    <datafield tag="710" ind1="2" ind2=" ">
      <subfield code="a">Films for the Humanities &amp; Sciences (Firm)</subfield>
    </datafield>
    <datafield tag="710" ind1="2" ind2=" ">
      <subfield code="a">Infobase.</subfield>
    </datafield>
    <datafield tag="776" ind1="0" ind2="8">
      <subfield code="i">Originally produced: </subfield>
      <subfield code="d">Public Affairs Television (Firm), 2003.</subfield>
    </datafield>
    <datafield tag="856" ind1="4" ind2="0">
      <subfield code="z">Part of the Films on Demand collection.</subfield>
      <subfield code="u">http://libproxy.temple.edu/login?url=https://fod.infobase.com/PortalPlaylists.aspx?wID=103640&amp;xtid=36510</subfield>
    </datafield>
    <datafield tag="856" ind1="4" ind2="2">
      <subfield code="z">Cover image</subfield>
      <subfield code="u">https://cdnsecakmi.kaltura.com/p/1067292/sp/106729200/thumbnail/entry_id/0_8ccigjm0/version/100001/width/88</subfield>
    </datafield>
    <datafield tag="902" ind1=" " ind2=" ">
      <subfield code="a">Films on Demand (Record Refresh) 20200409</subfield>
    </datafield>
    <datafield tag="979" ind1=" " ind2=" ">
      <subfield code="a">100036510</subfield>
    </datafield>
    <datafield tag="ADM" ind1=" " ind2=" ">
      <subfield code="b">2020-06-23 18:14:40</subfield>
      <subfield code="e">100036510</subfield>
      <subfield code="d">OTHER</subfield>
      <subfield code="f">20140429151047.0</subfield>
      <subfield code="a">2020-04-10 02:34:47</subfield>
      <subfield code="c">false</subfield>
    </datafield>
    <datafield tag="PRT" ind1=" " ind2=" ">
      <subfield code="updated">2020-04-10 02:35:04</subfield>
      <subfield code="i">61371278300003811</subfield>
      <subfield code="c">Films on Demand Streaming Video</subfield>
      <subfield code="created">2020-04-10 02:35:00</subfield>
      <subfield code="j">62402467020003811</subfield>
      <subfield code="a">53511181950003811</subfield>
      <subfield code="b">https://sandbox01-na.alma.exlibrisgroup.com/view/uresolver/01TULI_INST/openurl?u.ignore_date_coverage=true&amp;rft.mms_id=991037487794603811</subfield>
      <subfield code="9">Available</subfield>
      <subfield code="8">53511181950003811</subfield>
    </datafield>
  </record>