
  <record>
    <leader>02582cam a2200505 i 4500</leader>
    <controlfield tag="005">20190715204436.0</controlfield>
    <controlfield tag="008">131106s2014    onca     b    001 0 eng  </controlfield>
    <controlfield tag="001">991002700319703811</controlfield>
    <datafield tag="020" ind1=" " ind2=" ">
      <subfield code="a">9781442640436</subfield>
      <subfield code="q">(bound)</subfield>
    </datafield>
    <datafield tag="020" ind1=" " ind2=" ">
      <subfield code="a">144264043X</subfield>
      <subfield code="q">(bound)</subfield>
    </datafield>
    <datafield tag="020" ind1=" " ind2=" ">
      <subfield code="a">9781442610057</subfield>
      <subfield code="q">(paperback)</subfield>
    </datafield>
    <datafield tag="020" ind1=" " ind2=" ">
      <subfield code="a">1442610050</subfield>
      <subfield code="q">(paperback)</subfield>
    </datafield>
    <datafield tag="035" ind1=" " ind2=" ">
      <subfield code="a">(PPT)b56067094-01tuli_inst</subfield>
    </datafield>
    <datafield tag="035" ind1=" " ind2=" ">
      <subfield code="a">(OCoLC)ocn879675267</subfield>
      <subfield code="9">ExL</subfield>
    </datafield>
    <datafield tag="035" ind1=" " ind2=" ">
      <subfield code="a">ocn862544849</subfield>
    </datafield>
    <datafield tag="035" ind1=" " ind2=" ">
      <subfield code="a">(OCLC)ocn862544849</subfield>
    </datafield>
    <datafield tag="040" ind1=" " ind2=" ">
      <subfield code="a">NLC</subfield>
      <subfield code="b">eng</subfield>
      <subfield code="e">rda</subfield>
      <subfield code="c">NLC</subfield>
      <subfield code="d">OCLCO</subfield>
      <subfield code="d">BTCTA</subfield>
      <subfield code="d">YDXCP</subfield>
      <subfield code="d">ERASA</subfield>
      <subfield code="d">CDX</subfield>
      <subfield code="d">LTSCA</subfield>
      <subfield code="d">NHM</subfield>
      <subfield code="d">BDX</subfield>
      <subfield code="d">PPT</subfield>
    </datafield>
    <datafield tag="079" ind1=" " ind2=" ">
      <subfield code="a">ocn862544849</subfield>
    </datafield>
    <datafield tag="090" ind1=" " ind2=" ">
      <subfield code="a">BF697.5.B63</subfield>
      <subfield code="b">R53 2014</subfield>
    </datafield>
    <datafield tag="100" ind1="1" ind2=" ">
      <subfield code="a">Rice, Carla,</subfield>
      <subfield code="e">author.</subfield>
      <subfield code="0">http://id.loc.gov/authorities/names/no2003089566</subfield>
    </datafield>
    <datafield tag="245" ind1="1" ind2="0">
      <subfield code="a">Becoming women :</subfield>
      <subfield code="b">the embodied self in image culture /</subfield>
      <subfield code="c">Carla Rice.</subfield>
    </datafield>
    <datafield tag="264" ind1=" " ind2="1">
      <subfield code="a">Toronto :</subfield>
      <subfield code="b">University of Toronto Press,</subfield>
      <subfield code="c">2014.</subfield>
    </datafield>
    <datafield tag="300" ind1=" " ind2=" ">
      <subfield code="a">x, 396 pages :</subfield>
      <subfield code="b">illustrations ;</subfield>
      <subfield code="c">23 cm</subfield>
    </datafield>
    <datafield tag="336" ind1=" " ind2=" ">
      <subfield code="a">text</subfield>
      <subfield code="b">txt</subfield>
      <subfield code="2">rdacontent</subfield>
    </datafield>
    <datafield tag="337" ind1=" " ind2=" ">
      <subfield code="a">unmediated</subfield>
      <subfield code="b">n</subfield>
      <subfield code="2">rdamedia</subfield>
    </datafield>
    <datafield tag="338" ind1=" " ind2=" ">
      <subfield code="a">volume</subfield>
      <subfield code="b">nc</subfield>
      <subfield code="2">rdacarrier</subfield>
    </datafield>
    <datafield tag="504" ind1=" " ind2=" ">
      <subfield code="a">Includes bibliographical references (pages 315-366) and index.</subfield>
    </datafield>
    <datafield tag="505" ind1="0" ind2=" ">
      <subfield code="a">In the Shadow of Difference -- In a Girl's Body -- Invisible in Full View -- The Student Body -- Puberty as Sexual Spectacle -- A Body That Looks, and Feels, Like a Woman -- In the Mirror of Beauty Culture.</subfield>
    </datafield>
    <datafield tag="650" ind1=" " ind2="0">
      <subfield code="a">Body image in women</subfield>
      <subfield code="0">http://id.loc.gov/authorities/subjects/sh97002859</subfield>
      <subfield code="x">Social aspects.</subfield>
      <subfield code="0">http://id.loc.gov/authorities/subjects/sh00002758</subfield>
    </datafield>
    <datafield tag="650" ind1=" " ind2="7">
      <subfield code="a">Body image in women</subfield>
      <subfield code="x">Social aspects.</subfield>
      <subfield code="2">fast</subfield>
      <subfield code="0">http://id.worldcat.org/fast/835364</subfield>
    </datafield>
    <datafield tag="650" ind1=" " ind2="0">
      <subfield code="a">Body image in girls</subfield>
      <subfield code="0">http://id.loc.gov/authorities/subjects/sh2009008866</subfield>
      <subfield code="x">Social aspects.</subfield>
      <subfield code="0">http://id.loc.gov/authorities/subjects/sh00002758</subfield>
    </datafield>
    <datafield tag="650" ind1=" " ind2="7">
      <subfield code="a">Body image in girls.</subfield>
      <subfield code="2">fast</subfield>
      <subfield code="0">http://id.worldcat.org/fast/1749353</subfield>
    </datafield>
    <datafield tag="650" ind1=" " ind2="0">
      <subfield code="a">Beauty, Personal</subfield>
      <subfield code="0">http://id.loc.gov/authorities/subjects/sh85012720</subfield>
      <subfield code="x">Social aspects.</subfield>
      <subfield code="0">http://id.loc.gov/authorities/subjects/sh00002758</subfield>
    </datafield>
    <datafield tag="650" ind1=" " ind2="7">
      <subfield code="a">Beauty, Personal</subfield>
      <subfield code="x">Social aspects.</subfield>
      <subfield code="2">fast</subfield>
      <subfield code="0">http://id.worldcat.org/fast/829405</subfield>
    </datafield>
    <datafield tag="650" ind1=" " ind2="0">
      <subfield code="a">Feminine beauty (Aesthetics)</subfield>
      <subfield code="0">http://id.loc.gov/authorities/subjects/sh85047737</subfield>
      <subfield code="x">Social aspects.</subfield>
      <subfield code="0">http://id.loc.gov/authorities/subjects/sh00002758</subfield>
    </datafield>
    <datafield tag="650" ind1=" " ind2="7">
      <subfield code="a">Feminine beauty (Aesthetics)</subfield>
      <subfield code="2">fast</subfield>
      <subfield code="0">http://id.worldcat.org/fast/922652</subfield>
    </datafield>
    <datafield tag="650" ind1="1" ind2="7">
      <subfield code="a">Feminine beauty (Aesthetics)</subfield>
      <subfield code="2">fast</subfield>
      <subfield code="0">http://id.worldcat.org/fast/922652</subfield>
    </datafield>
    <datafield tag="650" ind1="2" ind2="7">
      <subfield code="a">Social aspects.</subfield>
      <subfield code="2">fast</subfield>
      <subfield code="0">http://id.worldcat.org/fast/1354981</subfield>
    </datafield>
    <datafield tag="650" ind1=" " ind2="7">
      <subfield code="a">Beauty, Personal.</subfield>
      <subfield code="2">fast</subfield>
      <subfield code="0">http://id.worldcat.org/fast/829396</subfield>
    </datafield>
    <datafield tag="650" ind1="1" ind2="7">
      <subfield code="a">Body image in girls.</subfield>
      <subfield code="2">fast</subfield>
      <subfield code="0">http://id.worldcat.org/fast/1749353</subfield>
    </datafield>
    <datafield tag="650" ind1=" " ind2="7">
      <subfield code="a">Body image in women.</subfield>
      <subfield code="2">fast</subfield>
      <subfield code="0">http://id.worldcat.org/fast/835361</subfield>
    </datafield>
    <datafield tag="902" ind1=" " ind2=" ">
      <subfield code="a">150731</subfield>
    </datafield>
    <datafield tag="902" ind1=" " ind2=" ">
      <subfield code="a">MARCIVE-BF 20190703</subfield>
    </datafield>
    <datafield tag="903" ind1=" " ind2=" ">
      <subfield code="a">MARCIVE-TOC201904</subfield>
    </datafield>
    <datafield tag="904" ind1=" " ind2=" ">
      <subfield code="a">MARCIVE 20200629</subfield>
    </datafield>
    <datafield tag="907" ind1=" " ind2=" ">
      <subfield code="a">.b56067094</subfield>
      <subfield code="b">p    </subfield>
      <subfield code="c">-</subfield>
    </datafield>
    <datafield tag="945" ind1=" " ind2=" ">
      <subfield code="l">pstk </subfield>
      <subfield code="g">1</subfield>
    </datafield>
    <datafield tag="979" ind1=" " ind2=" ">
      <subfield code="a">ocn862544849</subfield>
    </datafield>
    <datafield tag="998" ind1=" " ind2=" ">
      <subfield code="b">1</subfield>
      <subfield code="c">140429</subfield>
      <subfield code="d">m</subfield>
      <subfield code="e">a</subfield>
      <subfield code="f">-</subfield>
      <subfield code="g">0</subfield>
    </datafield>
    <datafield tag="998" ind1=" " ind2=" ">
      <subfield code="a">04/29/14</subfield>
      <subfield code="s">OCLC</subfield>
      <subfield code="c">RM</subfield>
    </datafield>
    <datafield tag="ADM" ind1=" " ind2=" ">
      <subfield code="b">2020-07-09 01:41:22</subfield>
      <subfield code="e">b56067094-01tuli_inst</subfield>
      <subfield code="d">MARCIVE</subfield>
      <subfield code="f">20190607192103.0</subfield>
      <subfield code="a">2017-06-20 08:02:39</subfield>
      <subfield code="c">false</subfield>
    </datafield>
    <datafield tag="HLD" ind1="0" ind2=" ">
      <subfield code="b">ASRS</subfield>
      <subfield code="c">ASRS</subfield>
      <subfield code="h"> BF697.5.B63 </subfield>
      <subfield code="i"> R53 2014 </subfield>
      <subfield code="8">22465114630003811</subfield>
      <subfield code="updated">2019-05-03 20:58:14</subfield>
      <subfield code="created">2019-05-03 20:58:08</subfield>
    </datafield>
    <datafield tag="ITM" ind1=" " ind2=" ">
      <subfield code="r">22465114630003811</subfield>
      <subfield code="b">1</subfield>
      <subfield code="h">0</subfield>
      <subfield code="g">ASRS</subfield>
      <subfield code="t">BOOK</subfield>
      <subfield code="9">39074028636322</subfield>
      <subfield code="e">ASRS</subfield>
      <subfield code="8">23276500680003811</subfield>
      <subfield code="a">0</subfield>
      <subfield code="i">BF697.5.B63 R53 2014</subfield>
      <subfield code="updated">2019-05-03 20:58:42</subfield>
      <subfield code="q">2017-06-20 08:02:39</subfield>
      <subfield code="d">ASRS</subfield>
      <subfield code="f">ASRS</subfield>
    </datafield>
  </record>