
  <record>
    <leader>03992cam a2200541Ia 4500</leader>
    <controlfield tag="005">20190716124029.0</controlfield>
    <controlfield tag="008">121018s2013    enka     b    001 0 eng d</controlfield>
    <controlfield tag="001">991034882479703811</controlfield>
    <datafield tag="020" ind1=" " ind2=" ">
      <subfield code="a">9780745650722</subfield>
    </datafield>
    <datafield tag="020" ind1=" " ind2=" ">
      <subfield code="a">0745650724</subfield>
    </datafield>
    <datafield tag="020" ind1=" " ind2=" ">
      <subfield code="a">9780745650739</subfield>
    </datafield>
    <datafield tag="020" ind1=" " ind2=" ">
      <subfield code="a">0745650732</subfield>
    </datafield>
    <datafield tag="035" ind1=" " ind2=" ">
      <subfield code="a">(PPT)b54505215-01tuli_inst</subfield>
    </datafield>
    <datafield tag="035" ind1=" " ind2=" ">
      <subfield code="a">(OCoLC)ocn853606651</subfield>
      <subfield code="9">ExL</subfield>
    </datafield>
    <datafield tag="035" ind1=" " ind2=" ">
      <subfield code="a">(OCoLC)813923218</subfield>
    </datafield>
    <datafield tag="035" ind1=" " ind2=" ">
      <subfield code="a">ocn813923218</subfield>
    </datafield>
    <datafield tag="035" ind1=" " ind2=" ">
      <subfield code="a">(OCLC)ocn813923218</subfield>
    </datafield>
    <datafield tag="040" ind1=" " ind2=" ">
      <subfield code="a">BTCTA</subfield>
      <subfield code="b">eng</subfield>
      <subfield code="c">BTCTA</subfield>
      <subfield code="d">UKMGB</subfield>
      <subfield code="d">YDXCP</subfield>
      <subfield code="d">YNK</subfield>
      <subfield code="d">UAT</subfield>
      <subfield code="d">NDD</subfield>
      <subfield code="d">NLE</subfield>
      <subfield code="d">YHM</subfield>
      <subfield code="d">VP@</subfield>
      <subfield code="d">BWX</subfield>
      <subfield code="d">BDX</subfield>
    </datafield>
    <datafield tag="050" ind1=" " ind2="4">
      <subfield code="a">HQ1229</subfield>
      <subfield code="b">.E39 2013</subfield>
    </datafield>
    <datafield tag="079" ind1=" " ind2=" ">
      <subfield code="a">ocn813923218</subfield>
    </datafield>
    <datafield tag="090" ind1=" " ind2=" ">
      <subfield code="a">HQ27.5</subfield>
      <subfield code="b">.E39 2013</subfield>
    </datafield>
    <datafield tag="100" ind1="1" ind2=" ">
      <subfield code="a">Egan, R. Danielle.</subfield>
      <subfield code="0">http://id.loc.gov/authorities/names/n2005019897</subfield>
    </datafield>
    <datafield tag="245" ind1="1" ind2="0">
      <subfield code="a">Becoming sexual :</subfield>
      <subfield code="b">a critical appraisal of the sexualization of girls /</subfield>
      <subfield code="c">R. Danielle Egan.</subfield>
    </datafield>
    <datafield tag="264" ind1=" " ind2="1">
      <subfield code="a">Cambridge ;</subfield>
      <subfield code="a">Malden, MA :</subfield>
      <subfield code="b">Polity Press,</subfield>
      <subfield code="c">2013.</subfield>
    </datafield>
    <datafield tag="300" ind1=" " ind2=" ">
      <subfield code="a">viii, 188 pages :</subfield>
      <subfield code="b">illustrations ;</subfield>
      <subfield code="c">22 cm</subfield>
    </datafield>
    <datafield tag="336" ind1=" " ind2=" ">
      <subfield code="a">text</subfield>
      <subfield code="b">txt</subfield>
      <subfield code="2">rdacontent</subfield>
    </datafield>
    <datafield tag="337" ind1=" " ind2=" ">
      <subfield code="a">unmediated</subfield>
      <subfield code="b">n</subfield>
      <subfield code="2">rdamedia</subfield>
    </datafield>
    <datafield tag="338" ind1=" " ind2=" ">
      <subfield code="a">volume</subfield>
      <subfield code="b">nc</subfield>
      <subfield code="2">rdacarrier</subfield>
    </datafield>
    <datafield tag="504" ind1=" " ind2=" ">
      <subfield code="a">Includes bibliographical references (pages [155]-181) and index.</subfield>
    </datafield>
    <datafield tag="520" ind1=" " ind2=" ">
      <subfield code="a">The sexualization of girls has captured the attention of the media, advocacy groups and politicians in recent years. This prolific discourse sets alarm bells ringing: sexualization is said to lead to depression, promiscuity and compassion deficit disorder, and rob young girls of their childhood. However, measuring such claims against a wide range of data sources reveals a far more complicated picture. Becoming Sexual begins with a simple question: why does this discourse feel so natural? Analyzing potent cultural and historical assumptions, and subjecting them to measured investigation, R. Danielle Egan illuminates the implications of dominant thinking on sexualization. The sexualized girl functions as a metaphor for cultural decay and as a common enemy through which adult rage, discontent and anxiety regarding class, gender, sexuality, race and the future can be expressed: Egan argues that, ultimately, the popular literature on sexualization is more reflective of adult disquiet than it is about the lives and practices of girls. Becoming Sexual will be a welcome intervention into these fraught polemics for anyone interested in engaging with a high-profile contemporary debate, and will be particularly useful for students of sociology, cultural studies, childhood studies, gender studies and media studies. Book jacket.</subfield>
    </datafield>
    <datafield tag="505" ind1="0" ind2=" ">
      <subfield code="a">Sexualization as a social problem -- What is sexualization? -- (Hetero)sexualization, pathological femininity and hope for the future -- Sexualized tastes, middle-class fantasies, and fears of class contagion -- Unmanageable bodies, adult disgust, and the demand for innocence -- Reflexive reticence, affective response, and the social construction of sexual problems.</subfield>
    </datafield>
    <datafield tag="650" ind1=" " ind2="0">
      <subfield code="a">Teenage girls</subfield>
      <subfield code="0">http://id.loc.gov/authorities/subjects/sh85000957</subfield>
      <subfield code="x">Sexual behavior.</subfield>
      <subfield code="0">http://id.loc.gov/authorities/subjects/sh2001008764</subfield>
    </datafield>
    <datafield tag="650" ind1=" " ind2="7">
      <subfield code="a">Teenage girls</subfield>
      <subfield code="x">Sexual behavior.</subfield>
      <subfield code="2">fast</subfield>
      <subfield code="0">http://id.worldcat.org/fast/1145449</subfield>
    </datafield>
    <datafield tag="650" ind1=" " ind2="0">
      <subfield code="a">Young women</subfield>
      <subfield code="0">http://id.loc.gov/authorities/subjects/sh85149296</subfield>
      <subfield code="x">Sexual behavior.</subfield>
      <subfield code="0">http://id.loc.gov/authorities/subjects/sh2001008764</subfield>
    </datafield>
    <datafield tag="650" ind1=" " ind2="7">
      <subfield code="a">Young women</subfield>
      <subfield code="x">Sexual behavior.</subfield>
      <subfield code="2">fast</subfield>
      <subfield code="0">http://id.worldcat.org/fast/1183327</subfield>
    </datafield>
    <datafield tag="650" ind1=" " ind2="0">
      <subfield code="a">Girls in popular culture.</subfield>
      <subfield code="0">http://id.loc.gov/authorities/subjects/sh96009722</subfield>
    </datafield>
    <datafield tag="650" ind1=" " ind2="7">
      <subfield code="a">Girls in popular culture.</subfield>
      <subfield code="2">fast</subfield>
      <subfield code="0">http://id.worldcat.org/fast/942916</subfield>
    </datafield>
    <datafield tag="650" ind1=" " ind2="0">
      <subfield code="a">Sex in popular culture.</subfield>
      <subfield code="0">http://id.loc.gov/authorities/subjects/sh91005274</subfield>
    </datafield>
    <datafield tag="650" ind1=" " ind2="7">
      <subfield code="a">Sex in popular culture.</subfield>
      <subfield code="2">fast</subfield>
      <subfield code="0">http://id.worldcat.org/fast/1114483</subfield>
    </datafield>
    <datafield tag="650" ind1=" " ind2="7">
      <subfield code="a">Young women.</subfield>
      <subfield code="2">fast</subfield>
      <subfield code="0">http://id.worldcat.org/fast/1183301</subfield>
    </datafield>
    <datafield tag="650" ind1=" " ind2="7">
      <subfield code="a">Teenage girls.</subfield>
      <subfield code="2">fast</subfield>
      <subfield code="0">http://id.worldcat.org/fast/1145412</subfield>
    </datafield>
    <datafield tag="902" ind1=" " ind2=" ">
      <subfield code="a">140225</subfield>
    </datafield>
    <datafield tag="902" ind1=" " ind2=" ">
      <subfield code="a">MARCIVE-BF 20190703</subfield>
    </datafield>
    <datafield tag="903" ind1=" " ind2=" ">
      <subfield code="a">MARCIVE-TOC201904</subfield>
    </datafield>
    <datafield tag="904" ind1=" " ind2=" ">
      <subfield code="a">MARCIVE 20200629</subfield>
    </datafield>
    <datafield tag="907" ind1=" " ind2=" ">
      <subfield code="a">.b54505215</subfield>
      <subfield code="b">p    </subfield>
      <subfield code="c">-</subfield>
    </datafield>
    <datafield tag="945" ind1=" " ind2=" ">
      <subfield code="l">pstk </subfield>
      <subfield code="g">1</subfield>
    </datafield>
    <datafield tag="979" ind1=" " ind2=" ">
      <subfield code="a">ocn813923218</subfield>
    </datafield>
    <datafield tag="998" ind1=" " ind2=" ">
      <subfield code="b">1</subfield>
      <subfield code="c">130705</subfield>
      <subfield code="d">m</subfield>
      <subfield code="e">a</subfield>
      <subfield code="f">-</subfield>
      <subfield code="g">0</subfield>
    </datafield>
    <datafield tag="998" ind1=" " ind2=" ">
      <subfield code="a">07/05/13</subfield>
      <subfield code="s">OCLC</subfield>
      <subfield code="c">YL</subfield>
    </datafield>
    <datafield tag="ADM" ind1=" " ind2=" ">
      <subfield code="b">2020-07-24 11:33:07</subfield>
      <subfield code="e">b54505215-01tuli_inst</subfield>
      <subfield code="d">MARCIVE</subfield>
      <subfield code="f">20190607151028.0</subfield>
      <subfield code="a">2017-06-20 09:28:07</subfield>
      <subfield code="c">false</subfield>
    </datafield>
    <datafield tag="HLD" ind1="0" ind2=" ">
      <subfield code="b">ASRS</subfield>
      <subfield code="c">ASRS</subfield>
      <subfield code="h"> HQ27.5 </subfield>
      <subfield code="i"> .E39 2013 </subfield>
      <subfield code="8">22464594530003811</subfield>
      <subfield code="updated">2019-05-02 20:35:15</subfield>
      <subfield code="created">2019-05-02 20:35:13</subfield>
    </datafield>
    <datafield tag="ITM" ind1=" " ind2=" ">
      <subfield code="r">22464594530003811</subfield>
      <subfield code="b">1</subfield>
      <subfield code="h">0</subfield>
      <subfield code="g">ASRS</subfield>
      <subfield code="t">BOOK</subfield>
      <subfield code="9">39074026547570</subfield>
      <subfield code="e">ASRS</subfield>
      <subfield code="8">23294198650003811</subfield>
      <subfield code="a">0</subfield>
      <subfield code="i">HQ27.5 .E39 2013</subfield>
      <subfield code="updated">2019-05-02 20:35:43</subfield>
      <subfield code="q">2017-06-20 09:28:07</subfield>
      <subfield code="d">ASRS</subfield>
      <subfield code="f">ASRS</subfield>
    </datafield>
  </record>