
  <record>
    <leader>03447cam a2200589 a 4500</leader>
    <controlfield tag="005">20190716105852.0</controlfield>
    <controlfield tag="008">101104t20112011njua     b    001 0 eng  </controlfield>
    <controlfield tag="001">991018181569703811</controlfield>
    <datafield tag="010" ind1=" " ind2=" ">
      <subfield code="a">2010046654</subfield>
    </datafield>
    <datafield tag="020" ind1=" " ind2=" ">
      <subfield code="a">9780691140315</subfield>
      <subfield code="q">hardcover</subfield>
      <subfield code="q">acid-free paper</subfield>
    </datafield>
    <datafield tag="020" ind1=" " ind2=" ">
      <subfield code="a">0691140316</subfield>
      <subfield code="q">hardcover</subfield>
      <subfield code="q">acid-free paper</subfield>
    </datafield>
    <datafield tag="035" ind1=" " ind2=" ">
      <subfield code="a">(PPT)b4907930x-01tuli_inst</subfield>
    </datafield>
    <datafield tag="035" ind1=" " ind2=" ">
      <subfield code="a">(OCoLC)ocn748503563</subfield>
      <subfield code="9">ExL</subfield>
    </datafield>
    <datafield tag="035" ind1=" " ind2=" ">
      <subfield code="a">(OCoLC)679940690</subfield>
    </datafield>
    <datafield tag="035" ind1=" " ind2=" ">
      <subfield code="a">ocn679940690</subfield>
    </datafield>
    <datafield tag="035" ind1=" " ind2=" ">
      <subfield code="a">(OCLC)ocn679940690</subfield>
    </datafield>
    <datafield tag="040" ind1=" " ind2=" ">
      <subfield code="a">DLC</subfield>
      <subfield code="b">eng</subfield>
      <subfield code="c">DLC</subfield>
      <subfield code="d">YDX</subfield>
      <subfield code="d">BTCTA</subfield>
      <subfield code="d">YDXCP</subfield>
      <subfield code="d">BWX</subfield>
      <subfield code="d">HF9</subfield>
      <subfield code="d">IG#</subfield>
      <subfield code="d">CDX</subfield>
    </datafield>
    <datafield tag="042" ind1=" " ind2=" ">
      <subfield code="a">pcc</subfield>
    </datafield>
    <datafield tag="079" ind1=" " ind2=" ">
      <subfield code="a">ocn679940690</subfield>
    </datafield>
    <datafield tag="090" ind1=" " ind2=" ">
      <subfield code="a">HT1523</subfield>
      <subfield code="b">.K44 2011</subfield>
    </datafield>
    <datafield tag="100" ind1="1" ind2=" ">
      <subfield code="a">Keevak, Michael,</subfield>
      <subfield code="d">1962-</subfield>
      <subfield code="0">http://id.loc.gov/authorities/names/n00042967</subfield>
    </datafield>
    <datafield tag="245" ind1="1" ind2="0">
      <subfield code="a">Becoming yellow :</subfield>
      <subfield code="b">a short history of racial thinking /</subfield>
      <subfield code="c">Michael Keevak.</subfield>
    </datafield>
    <datafield tag="264" ind1=" " ind2="1">
      <subfield code="a">Princeton, N.J. :</subfield>
      <subfield code="b">Princeton University Press,</subfield>
      <subfield code="c">[2011]</subfield>
    </datafield>
    <datafield tag="264" ind1=" " ind2="4">
      <subfield code="c">&#xA9;2011</subfield>
    </datafield>
    <datafield tag="300" ind1=" " ind2=" ">
      <subfield code="a">viii, 219 pages :</subfield>
      <subfield code="b">illustrations (some color) ;</subfield>
      <subfield code="c">25 cm</subfield>
    </datafield>
    <datafield tag="336" ind1=" " ind2=" ">
      <subfield code="a">text</subfield>
      <subfield code="b">txt</subfield>
      <subfield code="2">rdacontent</subfield>
    </datafield>
    <datafield tag="337" ind1=" " ind2=" ">
      <subfield code="a">unmediated</subfield>
      <subfield code="b">n</subfield>
      <subfield code="2">rdamedia</subfield>
    </datafield>
    <datafield tag="338" ind1=" " ind2=" ">
      <subfield code="a">volume</subfield>
      <subfield code="b">nc</subfield>
      <subfield code="2">rdacarrier</subfield>
    </datafield>
    <datafield tag="504" ind1=" " ind2=" ">
      <subfield code="a">Includes bibliographical references and index.</subfield>
    </datafield>
    <datafield tag="505" ind1="0" ind2=" ">
      <subfield code="a">Before They Were Yellow: East Asians in Early Travel and Missionary Reports -- Taxonomies of Yellow: Linnaeus, Blumenbach, and the Making of a "Mongolian" Race in the Eighteenth Century -- Nineteenth-Century Anthropology and the Measurement of "Mongolian" Skin Color -- East Asian Bodies in Nineteenth-Century Medicine: The Mongolian Eye, the Mongolian Spot, and "Mongolism" -- Yellow Peril: The Threat of a "Mongolian" Far East, 1895-1920.</subfield>
    </datafield>
    <datafield tag="650" ind1=" " ind2="0">
      <subfield code="a">Racism</subfield>
      <subfield code="0">http://id.loc.gov/authorities/subjects/sh85110266</subfield>
      <subfield code="z">Western countries</subfield>
      <subfield code="0">http://id.loc.gov/authorities/subjects/sh2003008962</subfield>
      <subfield code="x">History</subfield>
      <subfield code="y">18th century.</subfield>
      <subfield code="0">http://id.loc.gov/authorities/subjects/sh2002006124</subfield>
    </datafield>
    <datafield tag="650" ind1=" " ind2="7">
      <subfield code="a">Racism.</subfield>
      <subfield code="2">fast</subfield>
      <subfield code="0">http://id.worldcat.org/fast/1086616</subfield>
    </datafield>
    <datafield tag="650" ind1=" " ind2="0">
      <subfield code="a">Racism</subfield>
      <subfield code="0">http://id.loc.gov/authorities/subjects/sh85110266</subfield>
      <subfield code="z">Western countries</subfield>
      <subfield code="0">http://id.loc.gov/authorities/subjects/sh2003008962</subfield>
      <subfield code="x">History</subfield>
      <subfield code="y">19th century.</subfield>
      <subfield code="0">http://id.loc.gov/authorities/subjects/sh2002006167</subfield>
    </datafield>
    <datafield tag="650" ind1=" " ind2="0">
      <subfield code="a">Race awareness</subfield>
      <subfield code="0">http://id.loc.gov/authorities/subjects/sh85110234</subfield>
      <subfield code="z">Western countries</subfield>
      <subfield code="0">http://id.loc.gov/authorities/subjects/sh2003008962</subfield>
      <subfield code="x">History</subfield>
      <subfield code="y">18th century.</subfield>
      <subfield code="0">http://id.loc.gov/authorities/subjects/sh2002006124</subfield>
    </datafield>
    <datafield tag="650" ind1=" " ind2="7">
      <subfield code="a">Race awareness.</subfield>
      <subfield code="2">fast</subfield>
      <subfield code="0">http://id.worldcat.org/fast/1086455</subfield>
    </datafield>
    <datafield tag="650" ind1=" " ind2="0">
      <subfield code="a">Race awareness</subfield>
      <subfield code="0">http://id.loc.gov/authorities/subjects/sh85110234</subfield>
      <subfield code="z">Western countries</subfield>
      <subfield code="0">http://id.loc.gov/authorities/subjects/sh2003008962</subfield>
      <subfield code="x">History</subfield>
      <subfield code="y">19th century.</subfield>
      <subfield code="0">http://id.loc.gov/authorities/subjects/sh2002006167</subfield>
    </datafield>
    <datafield tag="650" ind1=" " ind2="0">
      <subfield code="a">East Asians</subfield>
      <subfield code="0">http://id.loc.gov/authorities/subjects/sh2007004486</subfield>
      <subfield code="x">Race identity.</subfield>
      <subfield code="0">http://id.loc.gov/authorities/subjects/sh00006915</subfield>
    </datafield>
    <datafield tag="650" ind1=" " ind2="7">
      <subfield code="a">East Asians.</subfield>
      <subfield code="2">fast</subfield>
      <subfield code="0">http://id.worldcat.org/fast/1743191</subfield>
    </datafield>
    <datafield tag="650" ind1=" " ind2="0">
      <subfield code="a">National characteristics, East Asian.</subfield>
      <subfield code="0">http://id.loc.gov/authorities/subjects/sh2003000140</subfield>
    </datafield>
    <datafield tag="650" ind1=" " ind2="7">
      <subfield code="a">National characteristics, East Asian.</subfield>
      <subfield code="2">fast</subfield>
      <subfield code="0">http://id.worldcat.org/fast/1033406</subfield>
    </datafield>
    <datafield tag="650" ind1="1" ind2="7">
      <subfield code="a">Race awareness.</subfield>
      <subfield code="2">fast</subfield>
      <subfield code="0">http://id.worldcat.org/fast/1086455</subfield>
    </datafield>
    <datafield tag="650" ind1="2" ind2="7">
      <subfield code="a">History.</subfield>
      <subfield code="2">fast</subfield>
      <subfield code="0">http://id.worldcat.org/fast/958235</subfield>
    </datafield>
    <datafield tag="650" ind1="1" ind2="7">
      <subfield code="a">Racism.</subfield>
      <subfield code="2">fast</subfield>
      <subfield code="0">http://id.worldcat.org/fast/1086616</subfield>
    </datafield>
    <datafield tag="651" ind1="2" ind2="7">
      <subfield code="a">Western countries.</subfield>
      <subfield code="2">fast</subfield>
      <subfield code="0">http://id.worldcat.org/fast/1302083</subfield>
    </datafield>
    <datafield tag="648" ind1=" " ind2="7">
      <subfield code="a">1800-1899</subfield>
      <subfield code="2">fast</subfield>
    </datafield>
    <datafield tag="648" ind1=" " ind2="7">
      <subfield code="a">1700-1799</subfield>
      <subfield code="2">fast</subfield>
    </datafield>
    <datafield tag="648" ind1=" " ind2="7">
      <subfield code="a">19th century.</subfield>
      <subfield code="2">fast</subfield>
    </datafield>
    <datafield tag="648" ind1=" " ind2="7">
      <subfield code="a">18th century.</subfield>
      <subfield code="2">fast</subfield>
    </datafield>
    <datafield tag="902" ind1=" " ind2=" ">
      <subfield code="a">120410</subfield>
    </datafield>
    <datafield tag="902" ind1=" " ind2=" ">
      <subfield code="a">MARCIVE-BF 20190703</subfield>
    </datafield>
    <datafield tag="903" ind1=" " ind2=" ">
      <subfield code="a">MARCIVE-TOC201904</subfield>
    </datafield>
    <datafield tag="904" ind1=" " ind2=" ">
      <subfield code="a">MARCIVE 20200629</subfield>
    </datafield>
    <datafield tag="907" ind1=" " ind2=" ">
      <subfield code="a">.b4907930x</subfield>
      <subfield code="b">multi</subfield>
      <subfield code="c">-</subfield>
    </datafield>
    <datafield tag="945" ind1=" " ind2=" ">
      <subfield code="l">jtcas</subfield>
      <subfield code="g">1</subfield>
    </datafield>
    <datafield tag="945" ind1=" " ind2=" ">
      <subfield code="l">pstk </subfield>
      <subfield code="g">1</subfield>
    </datafield>
    <datafield tag="979" ind1=" " ind2=" ">
      <subfield code="a">ocn679940690</subfield>
    </datafield>
    <datafield tag="998" ind1=" " ind2=" ">
      <subfield code="b">3</subfield>
      <subfield code="c">110810</subfield>
      <subfield code="d">m</subfield>
      <subfield code="e">a</subfield>
      <subfield code="f">-</subfield>
      <subfield code="g">0</subfield>
    </datafield>
    <datafield tag="998" ind1=" " ind2=" ">
      <subfield code="b">1</subfield>
      <subfield code="c">110810</subfield>
      <subfield code="d">m</subfield>
      <subfield code="e">a</subfield>
      <subfield code="f">-</subfield>
      <subfield code="g">0</subfield>
    </datafield>
    <datafield tag="ADM" ind1=" " ind2=" ">
      <subfield code="b">2020-07-24 11:45:29</subfield>
      <subfield code="e">b4907930x-01tuli_inst</subfield>
      <subfield code="d">MARCIVE</subfield>
      <subfield code="f">20190607193300.0</subfield>
      <subfield code="a">2017-06-20 10:13:23</subfield>
      <subfield code="c">false</subfield>
    </datafield>
    <datafield tag="HLD" ind1="0" ind2=" ">
      <subfield code="b">ASRS</subfield>
      <subfield code="c">ASRS</subfield>
      <subfield code="h"> HT1523 </subfield>
      <subfield code="i"> .K44 2011 </subfield>
      <subfield code="8">22460690470003811</subfield>
      <subfield code="updated">2019-04-25 12:59:26</subfield>
      <subfield code="created">2019-04-25 12:59:24</subfield>
    </datafield>
    <datafield tag="HLD" ind1="0" ind2=" ">
      <subfield code="b">JAPAN</subfield>
      <subfield code="c">stacks</subfield>
      <subfield code="h">HT1523</subfield>
      <subfield code="i">.K44 2011</subfield>
      <subfield code="8">22300996940003811</subfield>
      <subfield code="created">2017-06-20 10:13:23</subfield>
    </datafield>
    <datafield tag="ITM" ind1=" " ind2=" ">
      <subfield code="r">22460690470003811</subfield>
      <subfield code="b">1</subfield>
      <subfield code="h">0</subfield>
      <subfield code="g">ASRS</subfield>
      <subfield code="t">BOOK</subfield>
      <subfield code="9">39074026315119</subfield>
      <subfield code="e">ASRS</subfield>
      <subfield code="8">23300996950003811</subfield>
      <subfield code="a">0</subfield>
      <subfield code="i">HT1523 .K44 2011</subfield>
      <subfield code="updated">2019-04-25 12:59:52</subfield>
      <subfield code="q">2017-06-20 10:13:23</subfield>
      <subfield code="d">ASRS</subfield>
      <subfield code="f">ASRS</subfield>
    </datafield>
    <datafield tag="ITM" ind1=" " ind2=" ">
      <subfield code="r">22300996940003811</subfield>
      <subfield code="b">1</subfield>
      <subfield code="h">0</subfield>
      <subfield code="g">stacks</subfield>
      <subfield code="t">BOOK</subfield>
      <subfield code="9">31982020051845</subfield>
      <subfield code="e">stacks</subfield>
      <subfield code="8">23300996930003811</subfield>
      <subfield code="a">0</subfield>
      <subfield code="i">HT1523 .K44 2011</subfield>
      <subfield code="updated">2017-06-20 10:13:54</subfield>
      <subfield code="q">2017-06-20 10:13:23</subfield>
      <subfield code="d">JAPAN</subfield>
      <subfield code="f">JAPAN</subfield>
    </datafield>
  </record>