
  <record>
    <leader>02881cam a2200505 a 4500</leader>
    <controlfield tag="005">20190716005820.0</controlfield>
    <controlfield tag="008">110122t20112011nyuab    b    001 0 eng  </controlfield>
    <controlfield tag="001">991026094749703811</controlfield>
    <datafield tag="010" ind1=" " ind2=" ">
      <subfield code="a">2011003106</subfield>
    </datafield>
    <datafield tag="020" ind1=" " ind2=" ">
      <subfield code="a">9781438436777</subfield>
      <subfield code="q">hardcover</subfield>
      <subfield code="q">alkaline paper</subfield>
    </datafield>
    <datafield tag="020" ind1=" " ind2=" ">
      <subfield code="a">1438436777</subfield>
      <subfield code="q">hardcover</subfield>
      <subfield code="q">alkaline paper</subfield>
    </datafield>
    <datafield tag="035" ind1=" " ind2=" ">
      <subfield code="a">(PPT)b51098854-01tuli_inst</subfield>
    </datafield>
    <datafield tag="035" ind1=" " ind2=" ">
      <subfield code="a">(OCoLC)ocn775883442</subfield>
      <subfield code="9">ExL</subfield>
    </datafield>
    <datafield tag="035" ind1=" " ind2=" ">
      <subfield code="a">(OCoLC)699379163</subfield>
    </datafield>
    <datafield tag="035" ind1=" " ind2=" ">
      <subfield code="a">ocn699379163</subfield>
    </datafield>
    <datafield tag="035" ind1=" " ind2=" ">
      <subfield code="a">(OCLC)ocn699379163</subfield>
    </datafield>
    <datafield tag="040" ind1=" " ind2=" ">
      <subfield code="a">DLC</subfield>
      <subfield code="b">eng</subfield>
      <subfield code="c">DLC</subfield>
      <subfield code="d">YDX</subfield>
      <subfield code="d">UKMGB</subfield>
      <subfield code="d">YDXCP</subfield>
      <subfield code="d">YDX</subfield>
      <subfield code="d">BWX</subfield>
      <subfield code="d">CDX</subfield>
    </datafield>
    <datafield tag="043" ind1=" " ind2=" ">
      <subfield code="a">n-mx---</subfield>
    </datafield>
    <datafield tag="049" ind1=" " ind2=" ">
      <subfield code="a">IG$A</subfield>
    </datafield>
    <datafield tag="079" ind1=" " ind2=" ">
      <subfield code="a">ocn699379163</subfield>
    </datafield>
    <datafield tag="090" ind1=" " ind2=" ">
      <subfield code="a">F1221.Z3</subfield>
      <subfield code="b">R69 2011</subfield>
    </datafield>
    <datafield tag="100" ind1="1" ind2=" ">
      <subfield code="a">Royce, Anya Peterson.</subfield>
      <subfield code="0">http://id.loc.gov/authorities/names/n81079901</subfield>
    </datafield>
    <datafield tag="245" ind1="1" ind2="0">
      <subfield code="a">Becoming an ancestor :</subfield>
      <subfield code="b">the Isthmus Zapotec way of death /</subfield>
      <subfield code="c">Anya Peterson Royce.</subfield>
    </datafield>
    <datafield tag="264" ind1=" " ind2="1">
      <subfield code="a">Albany :</subfield>
      <subfield code="b">State University of New York Press,</subfield>
      <subfield code="c">[2011]</subfield>
    </datafield>
    <datafield tag="264" ind1=" " ind2="4">
      <subfield code="c">&#xA9;2011</subfield>
    </datafield>
    <datafield tag="300" ind1=" " ind2=" ">
      <subfield code="a">xxviii, 232 pages :</subfield>
      <subfield code="b">illustrations, maps ;</subfield>
      <subfield code="c">24 cm</subfield>
    </datafield>
    <datafield tag="336" ind1=" " ind2=" ">
      <subfield code="a">text</subfield>
      <subfield code="b">txt</subfield>
      <subfield code="2">rdacontent</subfield>
    </datafield>
    <datafield tag="337" ind1=" " ind2=" ">
      <subfield code="a">unmediated</subfield>
      <subfield code="b">n</subfield>
      <subfield code="2">rdamedia</subfield>
    </datafield>
    <datafield tag="338" ind1=" " ind2=" ">
      <subfield code="a">volume</subfield>
      <subfield code="b">nc</subfield>
      <subfield code="2">rdacarrier</subfield>
    </datafield>
    <datafield tag="504" ind1=" " ind2=" ">
      <subfield code="a">Includes bibliographical references and index.</subfield>
    </datafield>
    <datafield tag="650" ind1=" " ind2="0">
      <subfield code="a">Zapotec Indians</subfield>
      <subfield code="0">http://id.loc.gov/authorities/subjects/sh85149664</subfield>
      <subfield code="x">Funeral customs and rites</subfield>
      <subfield code="0">http://id.loc.gov/authorities/subjects/sh00002539</subfield>
      <subfield code="z">Mexico</subfield>
      <subfield code="z">Juchita&#x301;n de Zaragoza.</subfield>
      <subfield code="0">http://id.loc.gov/authorities/names/n84028454</subfield>
    </datafield>
    <datafield tag="650" ind1=" " ind2="7">
      <subfield code="a">Zapotec Indians.</subfield>
      <subfield code="2">fast</subfield>
      <subfield code="0">http://id.worldcat.org/fast/1184061</subfield>
    </datafield>
    <datafield tag="650" ind1=" " ind2="0">
      <subfield code="a">Zapotec Indians</subfield>
      <subfield code="0">http://id.loc.gov/authorities/subjects/sh85149664</subfield>
      <subfield code="z">Mexico</subfield>
      <subfield code="z">Juchita&#x301;n de Zaragoza</subfield>
      <subfield code="0">http://id.loc.gov/authorities/names/n84028454</subfield>
      <subfield code="x">Religion.</subfield>
      <subfield code="0">http://id.loc.gov/authorities/subjects/sh2002007663</subfield>
    </datafield>
    <datafield tag="650" ind1=" " ind2="0">
      <subfield code="a">Zapotec Indians</subfield>
      <subfield code="0">http://id.loc.gov/authorities/subjects/sh85149664</subfield>
      <subfield code="z">Mexico</subfield>
      <subfield code="z">Juchita&#x301;n de Zaragoza</subfield>
      <subfield code="0">http://id.loc.gov/authorities/names/n84028454</subfield>
      <subfield code="x">Social life and customs.</subfield>
      <subfield code="0">http://id.loc.gov/authorities/subjects/sh2001008851</subfield>
    </datafield>
    <datafield tag="650" ind1=" " ind2="0">
      <subfield code="a">Funeral rites and ceremonies</subfield>
      <subfield code="0">http://id.loc.gov/authorities/subjects/sh85052380</subfield>
      <subfield code="z">Mexico</subfield>
      <subfield code="z">Juchita&#x301;n de Zaragoza.</subfield>
      <subfield code="0">http://id.loc.gov/authorities/names/n84028454</subfield>
    </datafield>
    <datafield tag="650" ind1=" " ind2="7">
      <subfield code="a">Funeral rites and ceremonies.</subfield>
      <subfield code="2">fast</subfield>
      <subfield code="0">http://id.worldcat.org/fast/936223</subfield>
    </datafield>
    <datafield tag="650" ind1="1" ind2="7">
      <subfield code="a">Funeral rites and ceremonies.</subfield>
      <subfield code="2">fast</subfield>
      <subfield code="0">http://id.worldcat.org/fast/936223</subfield>
    </datafield>
    <datafield tag="650" ind1="1" ind2="7">
      <subfield code="a">Zapotec Indians.</subfield>
      <subfield code="2">fast</subfield>
      <subfield code="0">http://id.worldcat.org/fast/1184061</subfield>
    </datafield>
    <datafield tag="650" ind1="2" ind2="7">
      <subfield code="a">Manners and customs.</subfield>
      <subfield code="2">fast</subfield>
      <subfield code="0">http://id.worldcat.org/fast/1007815</subfield>
    </datafield>
    <datafield tag="650" ind1="2" ind2="7">
      <subfield code="a">Religion.</subfield>
      <subfield code="2">fast</subfield>
      <subfield code="0">http://id.worldcat.org/fast/1093763</subfield>
    </datafield>
    <datafield tag="651" ind1=" " ind2="0">
      <subfield code="a">Juchita&#x301;n de Zaragoza (Mexico)</subfield>
      <subfield code="x">Religious life and customs.</subfield>
      <subfield code="0">http://id.loc.gov/authorities/names/n84028454</subfield>
      <subfield code="0">http://id.loc.gov/authorities/subjects/sh00007603</subfield>
    </datafield>
    <datafield tag="651" ind1=" " ind2="7">
      <subfield code="a">Mexico</subfield>
      <subfield code="z">Juchita&#x301;n de Zaragoza.</subfield>
      <subfield code="2">fast</subfield>
      <subfield code="0">http://id.worldcat.org/fast/1228206</subfield>
    </datafield>
    <datafield tag="651" ind1=" " ind2="0">
      <subfield code="a">Juchita&#x301;n de Zaragoza (Mexico)</subfield>
      <subfield code="x">Social life and customs.</subfield>
      <subfield code="0">http://id.loc.gov/authorities/names/n84028454</subfield>
      <subfield code="0">http://id.loc.gov/authorities/subjects/sh2001008851</subfield>
    </datafield>
    <datafield tag="651" ind1="2" ind2="7">
      <subfield code="a">Mexico</subfield>
      <subfield code="z">Juchita&#x301;n de Zaragoza.</subfield>
      <subfield code="2">fast</subfield>
      <subfield code="0">http://id.worldcat.org/fast/1228206</subfield>
    </datafield>
    <datafield tag="651" ind1="2" ind2="7">
      <subfield code="a">Mexico.</subfield>
      <subfield code="2">fast</subfield>
      <subfield code="0">http://id.worldcat.org/fast/1211700</subfield>
    </datafield>
    <datafield tag="902" ind1=" " ind2=" ">
      <subfield code="a">MARCIVE-BF 20190703</subfield>
    </datafield>
    <datafield tag="904" ind1=" " ind2=" ">
      <subfield code="a">MARCIVE 20200629</subfield>
    </datafield>
    <datafield tag="907" ind1=" " ind2=" ">
      <subfield code="a">.b51098854</subfield>
      <subfield code="b">p    </subfield>
      <subfield code="c">-</subfield>
    </datafield>
    <datafield tag="945" ind1=" " ind2=" ">
      <subfield code="l">pstk </subfield>
      <subfield code="g">1</subfield>
    </datafield>
    <datafield tag="979" ind1=" " ind2=" ">
      <subfield code="a">ocn699379163</subfield>
    </datafield>
    <datafield tag="998" ind1=" " ind2=" ">
      <subfield code="b">1</subfield>
      <subfield code="c">120130</subfield>
      <subfield code="d">m</subfield>
      <subfield code="e">a</subfield>
      <subfield code="f">-</subfield>
      <subfield code="g">0</subfield>
    </datafield>
    <datafield tag="ADM" ind1=" " ind2=" ">
      <subfield code="b">2020-09-07 17:37:50</subfield>
      <subfield code="e">b51098854-01tuli_inst</subfield>
      <subfield code="d">MARCIVE</subfield>
      <subfield code="f">20190607215008.0</subfield>
      <subfield code="a">2017-06-20 06:12:27</subfield>
      <subfield code="c">false</subfield>
    </datafield>
    <datafield tag="HLD" ind1="0" ind2=" ">
      <subfield code="b">ASRS</subfield>
      <subfield code="c">ASRS</subfield>
      <subfield code="h"> F1221.Z3 </subfield>
      <subfield code="i"> R69 2011 </subfield>
      <subfield code="8">22460398850003811</subfield>
      <subfield code="updated">2019-04-25 12:46:13</subfield>
      <subfield code="created">2019-04-25 12:46:08</subfield>
    </datafield>
    <datafield tag="ITM" ind1=" " ind2=" ">
      <subfield code="r">22460398850003811</subfield>
      <subfield code="b">1</subfield>
      <subfield code="h">0</subfield>
      <subfield code="g">ASRS</subfield>
      <subfield code="t">BOOK</subfield>
      <subfield code="9">39074026195347</subfield>
      <subfield code="e">ASRS</subfield>
      <subfield code="8">23243134560003811</subfield>
      <subfield code="a">0</subfield>
      <subfield code="i">F1221.Z3 R69 2011</subfield>
      <subfield code="updated">2019-04-25 12:46:36</subfield>
      <subfield code="q">2017-06-20 06:12:27</subfield>
      <subfield code="d">ASRS</subfield>
      <subfield code="f">ASRS</subfield>
    </datafield>
  </record>