
  <record>
    <leader>05795cam a2200769 i 4500</leader>
    <controlfield tag="005">20190930174148.0</controlfield>
    <controlfield tag="008">150330s2015    nyu    j      000 0aeng  </controlfield>
    <controlfield tag="001">991012017839703811</controlfield>
    <datafield tag="010" ind1=" " ind2=" ">
      <subfield code="a">  2015007490</subfield>
    </datafield>
    <datafield tag="019" ind1=" " ind2=" ">
      <subfield code="a">921176306</subfield>
      <subfield code="a">922692941</subfield>
      <subfield code="a">1002147940</subfield>
    </datafield>
    <datafield tag="020" ind1=" " ind2=" ">
      <subfield code="a">9780545621847</subfield>
    </datafield>
    <datafield tag="020" ind1=" " ind2=" ">
      <subfield code="a">0545621844</subfield>
    </datafield>
    <datafield tag="020" ind1=" " ind2=" ">
      <subfield code="a">9780545621854</subfield>
    </datafield>
    <datafield tag="020" ind1=" " ind2=" ">
      <subfield code="a">0545621852</subfield>
    </datafield>
    <datafield tag="020" ind1=" " ind2=" ">
      <subfield code="a">9780545621861</subfield>
    </datafield>
    <datafield tag="020" ind1=" " ind2=" ">
      <subfield code="a">0545621860</subfield>
    </datafield>
    <datafield tag="035" ind1=" " ind2=" ">
      <subfield code="a">(OCoLC)900623934</subfield>
    </datafield>
    <datafield tag="035" ind1=" " ind2=" ">
      <subfield code="a">(PPT)b58393948-01tuli_inst</subfield>
    </datafield>
    <datafield tag="040" ind1=" " ind2=" ">
      <subfield code="a">DLC</subfield>
      <subfield code="b">eng</subfield>
      <subfield code="e">rda</subfield>
      <subfield code="c">DLC</subfield>
      <subfield code="d">YDX</subfield>
      <subfield code="d">YDXCP</subfield>
      <subfield code="d">BDX</subfield>
      <subfield code="d">BTCTA</subfield>
      <subfield code="d">JSE</subfield>
      <subfield code="d">OCO</subfield>
      <subfield code="d">NYP</subfield>
      <subfield code="d">JNE</subfield>
      <subfield code="d">VP@</subfield>
      <subfield code="d">MEU</subfield>
      <subfield code="d">FM0</subfield>
      <subfield code="d">ZLM</subfield>
      <subfield code="d">C9Z</subfield>
      <subfield code="d">S#L</subfield>
      <subfield code="d">GK8</subfield>
      <subfield code="d">IDU</subfield>
      <subfield code="d">FDA</subfield>
      <subfield code="d">OCLCO</subfield>
      <subfield code="d">CHY</subfield>
      <subfield code="d">NZTHP</subfield>
      <subfield code="d">KYC</subfield>
      <subfield code="d">SFR</subfield>
      <subfield code="d">PAZ</subfield>
      <subfield code="d">CHILD</subfield>
      <subfield code="d">OCLCF</subfield>
    </datafield>
    <datafield tag="042" ind1=" " ind2=" ">
      <subfield code="a">pcc</subfield>
    </datafield>
    <datafield tag="043" ind1=" " ind2=" ">
      <subfield code="a">n-us-ny</subfield>
      <subfield code="a">n-us---</subfield>
    </datafield>
    <datafield tag="050" ind1="0" ind2="0">
      <subfield code="a">PN2287.M32</subfield>
      <subfield code="b">A3 2015</subfield>
    </datafield>
    <datafield tag="082" ind1="0" ind2="0">
      <subfield code="a">791.4502/8092</subfield>
      <subfield code="a">B</subfield>
      <subfield code="2">23</subfield>
    </datafield>
    <datafield tag="099" ind1=" " ind2=" ">
      <subfield code="a">B MANZANO</subfield>
    </datafield>
    <datafield tag="100" ind1="1" ind2=" ">
      <subfield code="a">Manzano, Sonia,</subfield>
      <subfield code="e">author.</subfield>
      <subfield code="0">http://id.loc.gov/authorities/names/no99079711</subfield>
    </datafield>
    <datafield tag="245" ind1="1" ind2="0">
      <subfield code="a">Becoming Maria :</subfield>
      <subfield code="b">love and chaos in the South Bronx /</subfield>
      <subfield code="c">Sonia Manzano.</subfield>
    </datafield>
    <datafield tag="250" ind1=" " ind2=" ">
      <subfield code="a">First edition.</subfield>
    </datafield>
    <datafield tag="264" ind1=" " ind2="1">
      <subfield code="a">New York :</subfield>
      <subfield code="b">Scholastic Press,</subfield>
      <subfield code="c">2015.</subfield>
    </datafield>
    <datafield tag="300" ind1=" " ind2=" ">
      <subfield code="a">262 pages ;</subfield>
      <subfield code="c">22 cm</subfield>
    </datafield>
    <datafield tag="336" ind1=" " ind2=" ">
      <subfield code="a">text</subfield>
      <subfield code="2">rdacontent</subfield>
    </datafield>
    <datafield tag="337" ind1=" " ind2=" ">
      <subfield code="a">unmediated</subfield>
      <subfield code="2">rdamedia</subfield>
    </datafield>
    <datafield tag="338" ind1=" " ind2=" ">
      <subfield code="a">volume</subfield>
      <subfield code="2">rdacarrier</subfield>
    </datafield>
    <datafield tag="385" ind1=" " ind2=" ">
      <subfield code="n">age</subfield>
      <subfield code="a">Children</subfield>
      <subfield code="2">lcdgt</subfield>
    </datafield>
    <datafield tag="520" ind1=" " ind2=" ">
      <subfield code="a">"Pura Belpre Honor winner for The Revolution of Evelyn Serrano and one of America's most influential Hispanics--'Maria' on Sesame Street--delivers a beautifully wrought coming-of-age memoir. Set in the 1950s in the Bronx, this is the story of a girl with a dream. Emmy award-winning actress and writer Sonia Manzano plunges us into the daily lives of a Latino family that is loving--and troubled. This is Sonia's own story rendered with an unforgettable narrative power. When readers meet young Sonia, she is a child living amidst the squalor of a boisterous home that is filled with noisy relatives and nosy neighbors. Each day she is glued to the TV screen that blots out the painful realities of her existence and also illuminates the possibilities that lie ahead. But--click!--when the TV goes off, Sonia is taken back to real-life--the cramped, colorful world of her neighborhood and an alcoholic father. But it is Sonia's dream of becoming an actress that keeps her afloat among the turbulence of her life and times. Spiced with culture, heartache, and humor, this memoir paints a lasting portrait of a girl's resilience as she grows up to become an inspiration to millions"--</subfield>
      <subfield code="c">Provided by publisher.</subfield>
    </datafield>
    <datafield tag="505" ind1="0" ind2=" ">
      <subfield code="a">Part 1. Fragments. Kid Diaper meets mystery girl ; Family beatings ; Poverty sing-along ; Invisible girl ; A Christmas fact of life ; Hunger camp ; Family mood swings ; Queen for a day ; Banishment, threats, and a suicide ; Buried treasure ; Breasts ; Knives in the oven -- Part 2. La lucha. Landing on Planet X ; Estupida ; West Side story ; Fight! Fight! Fight! ; Southern Boulevard ; Vanessa Delmonte ; Back to square one ; Worlds collide ; Agitation ; Down with Puerto Rico ; My dramatic life -- Part 3. The beginning. Performing arts ; Winner or loser? ; What skin am I in? ; The love and marriage bomb ; Oozing opportunist ; Free at last ; Stages of fear ; Black power ; Godspell ; Unhappy ending ; The beginning.</subfield>
    </datafield>
    <datafield tag="526" ind1="0" ind2=" ">
      <subfield code="a">Accelerated Reader</subfield>
      <subfield code="c">5.5.</subfield>
    </datafield>
    <datafield tag="526" ind1="0" ind2=" ">
      <subfield code="a">Reading Counts!</subfield>
      <subfield code="c">6.3.</subfield>
    </datafield>
    <datafield tag="586" ind1=" " ind2=" ">
      <subfield code="a">New York Times Notable Children's Book, 2015</subfield>
    </datafield>
    <datafield tag="526" ind1="8" ind2=" ">
      <subfield code="a">Accelerated Reader AR</subfield>
      <subfield code="c">5.5</subfield>
      <subfield code="d">11.0</subfield>
      <subfield code="z">175631.</subfield>
    </datafield>
    <datafield tag="546" ind1=" " ind2=" ">
      <subfield code="a">Text in English.</subfield>
    </datafield>
    <datafield tag="650" ind1=" " ind2="0">
      <subfield code="a">Coming of age</subfield>
      <subfield code="0">http://id.loc.gov/authorities/subjects/sh2010013987</subfield>
      <subfield code="v">Juvenile literature.</subfield>
      <subfield code="0">http://id.loc.gov/authorities/subjects/sh99001674</subfield>
    </datafield>
    <datafield tag="650" ind1=" " ind2="7">
      <subfield code="a">Coming of age.</subfield>
      <subfield code="2">fast</subfield>
      <subfield code="0">http://id.worldcat.org/fast/1763769</subfield>
    </datafield>
    <datafield tag="650" ind1=" " ind2="0">
      <subfield code="a">Television actors and actresses</subfield>
      <subfield code="z">United States</subfield>
      <subfield code="v">Biography</subfield>
      <subfield code="v">Juvenile literature.</subfield>
      <subfield code="0">http://id.loc.gov/authorities/subjects/sh2010115982</subfield>
    </datafield>
    <datafield tag="650" ind1=" " ind2="0">
      <subfield code="a">Television writers</subfield>
      <subfield code="z">United States</subfield>
      <subfield code="v">Biography</subfield>
      <subfield code="0">http://id.loc.gov/authorities/subjects/sh2010116066</subfield>
      <subfield code="v">Juvenile literature.</subfield>
      <subfield code="0">http://id.loc.gov/authorities/subjects/sh99001674</subfield>
    </datafield>
    <datafield tag="650" ind1=" " ind2="0">
      <subfield code="a">Hispanic American women</subfield>
      <subfield code="0">http://id.loc.gov/authorities/subjects/sh85061047</subfield>
      <subfield code="v">Biography</subfield>
      <subfield code="0">http://id.loc.gov/authorities/subjects/sh99001237</subfield>
      <subfield code="v">Juvenile literature.</subfield>
      <subfield code="0">http://id.loc.gov/authorities/subjects/sh99001674</subfield>
    </datafield>
    <datafield tag="650" ind1=" " ind2="7">
      <subfield code="a">Hispanic American women.</subfield>
      <subfield code="2">fast</subfield>
      <subfield code="0">http://id.worldcat.org/fast/957475</subfield>
    </datafield>
    <datafield tag="650" ind1=" " ind2="7">
      <subfield code="a">Families.</subfield>
      <subfield code="2">fast</subfield>
      <subfield code="0">http://id.worldcat.org/fast/1728849</subfield>
    </datafield>
    <datafield tag="650" ind1=" " ind2="7">
      <subfield code="a">Television actors and actresses.</subfield>
      <subfield code="2">fast</subfield>
      <subfield code="0">http://id.worldcat.org/fast/1146641</subfield>
    </datafield>
    <datafield tag="650" ind1=" " ind2="7">
      <subfield code="a">Television writers.</subfield>
      <subfield code="2">fast</subfield>
      <subfield code="0">http://id.worldcat.org/fast/1147146</subfield>
    </datafield>
    <datafield tag="650" ind1="1" ind2="7">
      <subfield code="a">Hispanic American women</subfield>
      <subfield code="x">Biography.</subfield>
      <subfield code="2">fast</subfield>
      <subfield code="0">http://id.worldcat.org/fast/1425526</subfield>
    </datafield>
    <datafield tag="650" ind1="1" ind2="7">
      <subfield code="a">Television writers.</subfield>
      <subfield code="2">fast</subfield>
      <subfield code="0">http://id.worldcat.org/fast/1147146</subfield>
    </datafield>
    <datafield tag="650" ind1="1" ind2="7">
      <subfield code="a">Television actors and actresses.</subfield>
      <subfield code="2">fast</subfield>
      <subfield code="0">http://id.worldcat.org/fast/1146641</subfield>
    </datafield>
    <datafield tag="650" ind1="2" ind2="7">
      <subfield code="a">Families.</subfield>
      <subfield code="2">fast</subfield>
      <subfield code="0">http://id.worldcat.org/fast/1728849</subfield>
    </datafield>
    <datafield tag="651" ind1=" " ind2="7">
      <subfield code="a">United States.</subfield>
      <subfield code="2">fast</subfield>
      <subfield code="0">http://id.worldcat.org/fast/1204155</subfield>
    </datafield>
    <datafield tag="651" ind1="2" ind2="7">
      <subfield code="a">United States.</subfield>
      <subfield code="2">fast</subfield>
      <subfield code="0">http://id.worldcat.org/fast/1204155</subfield>
    </datafield>
    <datafield tag="655" ind1=" " ind2="7">
      <subfield code="a">Autobiographies.</subfield>
      <subfield code="2">lcgft</subfield>
      <subfield code="0">http://id.loc.gov/authorities/genreForms/gf2014026047</subfield>
    </datafield>
    <datafield tag="655" ind1=" " ind2="7">
      <subfield code="a">Autobiographies.</subfield>
      <subfield code="2">fast</subfield>
      <subfield code="0">http://id.worldcat.org/fast/1919894</subfield>
    </datafield>
    <datafield tag="655" ind1=" " ind2="7">
      <subfield code="a">Autobiographies</subfield>
      <subfield code="v">Young adult.</subfield>
      <subfield code="2">local</subfield>
    </datafield>
    <datafield tag="655" ind1=" " ind2="7">
      <subfield code="a">Young adult</subfield>
      <subfield code="v">nonfiction.</subfield>
      <subfield code="2">local</subfield>
    </datafield>
    <datafield tag="655" ind1=" " ind2="7">
      <subfield code="a">Biographies.</subfield>
      <subfield code="2">fast</subfield>
      <subfield code="0">http://id.worldcat.org/fast/1919896</subfield>
    </datafield>
    <datafield tag="655" ind1=" " ind2="7">
      <subfield code="a">Juvenile works.</subfield>
      <subfield code="2">fast</subfield>
      <subfield code="0">http://id.worldcat.org/fast/1411637</subfield>
    </datafield>
    <datafield tag="655" ind1="2" ind2="7">
      <subfield code="a">Biographies.</subfield>
      <subfield code="2">fast</subfield>
      <subfield code="0">http://id.worldcat.org/fast/1919896</subfield>
    </datafield>
    <datafield tag="600" ind1="1" ind2="0">
      <subfield code="a">Manzano, Sonia</subfield>
      <subfield code="x">Childhood and youth</subfield>
      <subfield code="v">Juvenile literature.</subfield>
      <subfield code="0">http://id.loc.gov/authorities/names/no99079711</subfield>
      <subfield code="0">http://id.loc.gov/authorities/subjects/sh99004940</subfield>
      <subfield code="0">http://id.loc.gov/authorities/subjects/sh99001674</subfield>
    </datafield>
    <datafield tag="600" ind1="1" ind2="7">
      <subfield code="a">Manzano, Sonia.</subfield>
      <subfield code="2">fast</subfield>
      <subfield code="0">http://id.worldcat.org/fast/1552286</subfield>
    </datafield>
    <datafield tag="600" ind1="1" ind2="0">
      <subfield code="a">Manzano, Sonia</subfield>
      <subfield code="x">Family</subfield>
      <subfield code="v">Juvenile literature.</subfield>
      <subfield code="0">http://id.loc.gov/authorities/names/no99079711</subfield>
      <subfield code="0">http://id.loc.gov/authorities/subjects/sh00005743</subfield>
      <subfield code="0">http://id.loc.gov/authorities/subjects/sh99001674</subfield>
    </datafield>
    <datafield tag="600" ind1=" " ind2="7">
      <subfield code="a">Manzano, Sonia.</subfield>
      <subfield code="2">fast</subfield>
      <subfield code="0">http://id.worldcat.org/fast/1552286</subfield>
    </datafield>
    <datafield tag="902" ind1=" " ind2=" ">
      <subfield code="a">170410</subfield>
    </datafield>
    <datafield tag="902" ind1=" " ind2=" ">
      <subfield code="a">MARCIVE-BF 20190703</subfield>
    </datafield>
    <datafield tag="904" ind1=" " ind2=" ">
      <subfield code="a">MARCIVE 20200629</subfield>
    </datafield>
    <datafield tag="907" ind1=" " ind2=" ">
      <subfield code="a">.b58393948</subfield>
      <subfield code="b">p</subfield>
      <subfield code="c">-</subfield>
    </datafield>
    <datafield tag="945" ind1=" " ind2=" ">
      <subfield code="l">pleip</subfield>
      <subfield code="g">1</subfield>
    </datafield>
    <datafield tag="979" ind1=" " ind2=" ">
      <subfield code="a">(OCoLC)900623934</subfield>
    </datafield>
    <datafield tag="997" ind1=" " ind2=" ">
      <subfield code="a">20180622093813.0</subfield>
      <subfield code="c">EL</subfield>
      <subfield code="d">TEU</subfield>
      <subfield code="s">DLC</subfield>
      <subfield code="e">WCAT</subfield>
    </datafield>
    <datafield tag="998" ind1=" " ind2=" ">
      <subfield code="b">1</subfield>
      <subfield code="d">m</subfield>
      <subfield code="e">a</subfield>
      <subfield code="f">-</subfield>
      <subfield code="g">0</subfield>
    </datafield>
    <datafield tag="ADM" ind1=" " ind2=" ">
      <subfield code="b">2020-09-09 00:28:34</subfield>
      <subfield code="e">b58393948-01tuli_inst</subfield>
      <subfield code="d">MARCIVE</subfield>
      <subfield code="f">20190607232504.0</subfield>
      <subfield code="a">2017-06-20 14:11:29</subfield>
      <subfield code="c">false</subfield>
    </datafield>
    <datafield tag="HLD" ind1="0" ind2=" ">
      <subfield code="b">MAIN</subfield>
      <subfield code="c">juvenile</subfield>
      <subfield code="h"> PN2287.M32 </subfield>
      <subfield code="i"> A3 2015 </subfield>
      <subfield code="8">22440294460003811</subfield>
      <subfield code="updated">2018-12-17 19:27:31</subfield>
      <subfield code="created">2018-12-17 19:27:25</subfield>
    </datafield>
    <datafield tag="ITM" ind1=" " ind2=" ">
      <subfield code="r">22440294460003811</subfield>
      <subfield code="b">1</subfield>
      <subfield code="h">0</subfield>
      <subfield code="g">juvenile</subfield>
      <subfield code="t">BOOK</subfield>
      <subfield code="9">39074019898188</subfield>
      <subfield code="e">juvenile</subfield>
      <subfield code="8">23329956820003811</subfield>
      <subfield code="a">0</subfield>
      <subfield code="i">PN2287.M32 A3 2015</subfield>
      <subfield code="updated">2019-04-09 17:27:34</subfield>
      <subfield code="q">2017-06-20 14:11:29</subfield>
      <subfield code="d">MAIN</subfield>
      <subfield code="f">MAIN</subfield>
    </datafield>
  </record>