
  <record>
    <leader>03427cam a2200589 a 4500</leader>
    <controlfield tag="005">20190716005646.0</controlfield>
    <controlfield tag="008">110922t20112011iluab    b    001 0 eng  </controlfield>
    <controlfield tag="001">991026333529703811</controlfield>
    <datafield tag="010" ind1=" " ind2=" ">
      <subfield code="a">2011039578</subfield>
    </datafield>
    <datafield tag="020" ind1=" " ind2=" ">
      <subfield code="a">9780252036477</subfield>
      <subfield code="q">cloth</subfield>
    </datafield>
    <datafield tag="020" ind1=" " ind2=" ">
      <subfield code="a">0252036476</subfield>
      <subfield code="q">cloth</subfield>
    </datafield>
    <datafield tag="020" ind1=" " ind2=" ">
      <subfield code="a">9780252078231</subfield>
      <subfield code="q">paperback</subfield>
    </datafield>
    <datafield tag="020" ind1=" " ind2=" ">
      <subfield code="a">0252078233</subfield>
      <subfield code="q">paperback</subfield>
    </datafield>
    <datafield tag="035" ind1=" " ind2=" ">
      <subfield code="a">(PPT)b5115156x-01tuli_inst</subfield>
    </datafield>
    <datafield tag="035" ind1=" " ind2=" ">
      <subfield code="a">(OCoLC)ocn779883861</subfield>
      <subfield code="9">ExL</subfield>
    </datafield>
    <datafield tag="035" ind1=" " ind2=" ">
      <subfield code="a">(OCoLC)719427895</subfield>
    </datafield>
    <datafield tag="035" ind1=" " ind2=" ">
      <subfield code="a">ocn719427895</subfield>
    </datafield>
    <datafield tag="035" ind1=" " ind2=" ">
      <subfield code="a">(OCLC)ocn719427895</subfield>
    </datafield>
    <datafield tag="040" ind1=" " ind2=" ">
      <subfield code="a">DLC</subfield>
      <subfield code="b">eng</subfield>
      <subfield code="c">DLC</subfield>
      <subfield code="d">YDX</subfield>
      <subfield code="d">BTCTA</subfield>
      <subfield code="d">YDXCP</subfield>
      <subfield code="d">UKMGB</subfield>
      <subfield code="d">BWX</subfield>
      <subfield code="d">AGL</subfield>
      <subfield code="d">VVC</subfield>
      <subfield code="d">CDX</subfield>
    </datafield>
    <datafield tag="043" ind1=" " ind2=" ">
      <subfield code="a">s-cl---</subfield>
    </datafield>
    <datafield tag="049" ind1=" " ind2=" ">
      <subfield code="a">IG$A</subfield>
    </datafield>
    <datafield tag="070" ind1="0" ind2=" ">
      <subfield code="a">F3126</subfield>
      <subfield code="b">.C74 2011</subfield>
    </datafield>
    <datafield tag="079" ind1=" " ind2=" ">
      <subfield code="a">ocn719427895</subfield>
    </datafield>
    <datafield tag="090" ind1=" " ind2=" ">
      <subfield code="a">F3126</subfield>
      <subfield code="b">.C74 2011</subfield>
    </datafield>
    <datafield tag="100" ind1="1" ind2=" ">
      <subfield code="a">Course, Magnus.</subfield>
      <subfield code="0">http://id.loc.gov/authorities/names/n2011066110</subfield>
    </datafield>
    <datafield tag="245" ind1="1" ind2="0">
      <subfield code="a">Becoming Mapuche :</subfield>
      <subfield code="b">person and ritual in indigenous Chile /</subfield>
      <subfield code="c">Magnus Course.</subfield>
    </datafield>
    <datafield tag="264" ind1=" " ind2="1">
      <subfield code="a">Urbana :</subfield>
      <subfield code="b">University of Illinois Press,</subfield>
      <subfield code="c">[2011]</subfield>
    </datafield>
    <datafield tag="264" ind1=" " ind2="4">
      <subfield code="c">&#xA9;2011</subfield>
    </datafield>
    <datafield tag="300" ind1=" " ind2=" ">
      <subfield code="a">xiv, 200 pages :</subfield>
      <subfield code="b">illustrations, map ;</subfield>
      <subfield code="c">24 cm.</subfield>
    </datafield>
    <datafield tag="336" ind1=" " ind2=" ">
      <subfield code="a">text</subfield>
      <subfield code="b">txt</subfield>
      <subfield code="2">rdacontent</subfield>
    </datafield>
    <datafield tag="337" ind1=" " ind2=" ">
      <subfield code="a">unmediated</subfield>
      <subfield code="b">n</subfield>
      <subfield code="2">rdamedia</subfield>
    </datafield>
    <datafield tag="338" ind1=" " ind2=" ">
      <subfield code="a">volume</subfield>
      <subfield code="b">nc</subfield>
      <subfield code="2">rdacarrier</subfield>
    </datafield>
    <datafield tag="490" ind1="1" ind2=" ">
      <subfield code="a">Interpretations of culture in the new millennium</subfield>
    </datafield>
    <datafield tag="504" ind1=" " ind2=" ">
      <subfield code="a">Includes bibliographical references and index.</subfield>
    </datafield>
    <datafield tag="520" ind1=" " ind2=" ">
      <subfield code="a">This book is based on 12 years of the author's ethnographic fieldwork among the Mapuche people of southern Chile. In an attempt to rethink social relations from a rural Mapuche perspective, Course (social anthropology, University of Edinburgh) offers an account of Mapuche social philosophy as it is lived. He describes structures of kinship and friendship, examines significant social events in Mapuche life, and looks at the changing relationship between Mapuche groups and the Chilean state. The book includes b&amp;w photos and a glossary of terms from the Mapuche language. Annotation &#xA9;2012 Book News, Inc., Portland, OR (booknews.com)</subfield>
    </datafield>
    <datafield tag="505" ind1="0" ind2=" ">
      <subfield code="a">Che: the sociality of exchange -- Ku&#x308;pal: the sociality of descent -- Ngillanwen: the sociality of affinity -- Eluwu&#x308;n: the end of sociality -- Palin: the construction of difference -- Ngillatun: the construction of similarity.</subfield>
    </datafield>
    <datafield tag="650" ind1=" " ind2="0">
      <subfield code="a">Mapuche Indians</subfield>
      <subfield code="0">http://id.loc.gov/authorities/subjects/sh85006433</subfield>
      <subfield code="x">Ethnic identity.</subfield>
      <subfield code="0">http://id.loc.gov/authorities/subjects/sh00005645</subfield>
    </datafield>
    <datafield tag="650" ind1=" " ind2="7">
      <subfield code="a">Mapuche Indians.</subfield>
      <subfield code="2">fast</subfield>
      <subfield code="0">http://id.worldcat.org/fast/1008775</subfield>
    </datafield>
    <datafield tag="650" ind1=" " ind2="0">
      <subfield code="a">Mapuche Indians</subfield>
      <subfield code="0">http://id.loc.gov/authorities/subjects/sh85006433</subfield>
      <subfield code="x">Cultural assimilation.</subfield>
      <subfield code="0">http://id.loc.gov/authorities/subjects/sh99005453</subfield>
    </datafield>
    <datafield tag="650" ind1=" " ind2="0">
      <subfield code="a">Mapuche Indians</subfield>
      <subfield code="x">Government relations.</subfield>
      <subfield code="0">http://id.loc.gov/authorities/subjects/sh2010100607</subfield>
    </datafield>
    <datafield tag="650" ind1=" " ind2="7">
      <subfield code="a">Mapuche Indians</subfield>
      <subfield code="x">Government relations.</subfield>
      <subfield code="2">fast</subfield>
      <subfield code="0">http://id.worldcat.org/fast/1008780</subfield>
    </datafield>
    <datafield tag="650" ind1="2" ind2="7">
      <subfield code="a">Race relations.</subfield>
      <subfield code="2">fast</subfield>
      <subfield code="0">http://id.worldcat.org/fast/1086509</subfield>
    </datafield>
    <datafield tag="650" ind1="2" ind2="7">
      <subfield code="a">Social policy.</subfield>
      <subfield code="2">fast</subfield>
      <subfield code="0">http://id.worldcat.org/fast/1122738</subfield>
    </datafield>
    <datafield tag="650" ind1="1" ind2="7">
      <subfield code="a">Mapuche Indians.</subfield>
      <subfield code="2">fast</subfield>
      <subfield code="0">http://id.worldcat.org/fast/1008775</subfield>
    </datafield>
    <datafield tag="650" ind1="2" ind2="7">
      <subfield code="a">Assimilation (Sociology)</subfield>
      <subfield code="2">fast</subfield>
      <subfield code="0">http://id.worldcat.org/fast/819095</subfield>
    </datafield>
    <datafield tag="650" ind1="2" ind2="7">
      <subfield code="a">Ethnicity.</subfield>
      <subfield code="2">fast</subfield>
      <subfield code="0">http://id.worldcat.org/fast/916034</subfield>
    </datafield>
    <datafield tag="651" ind1=" " ind2="0">
      <subfield code="a">Chile</subfield>
      <subfield code="x">Social policy.</subfield>
      <subfield code="0">http://id.loc.gov/authorities/subjects/sh2008114643</subfield>
    </datafield>
    <datafield tag="651" ind1=" " ind2="0">
      <subfield code="a">Chile</subfield>
      <subfield code="x">Race relations.</subfield>
      <subfield code="0">http://id.loc.gov/authorities/names/n79061242</subfield>
      <subfield code="0">http://id.loc.gov/authorities/subjects/sh00007552</subfield>
    </datafield>
    <datafield tag="651" ind1=" " ind2="7">
      <subfield code="a">Chile.</subfield>
      <subfield code="2">fast</subfield>
      <subfield code="0">http://id.worldcat.org/fast/1205362</subfield>
    </datafield>
    <datafield tag="651" ind1="1" ind2="7">
      <subfield code="a">Chile.</subfield>
      <subfield code="2">fast</subfield>
      <subfield code="0">http://id.worldcat.org/fast/1205362</subfield>
    </datafield>
    <datafield tag="830" ind1=" " ind2="0">
      <subfield code="a">Interpretations of culture in the new millennium</subfield>
      <subfield code="0">http://id.loc.gov/authorities/names/n2003108731</subfield>
    </datafield>
    <datafield tag="902" ind1=" " ind2=" ">
      <subfield code="a">MARCIVE-BF 20190703</subfield>
    </datafield>
    <datafield tag="903" ind1=" " ind2=" ">
      <subfield code="a">MARCIVE-TOC201904</subfield>
    </datafield>
    <datafield tag="904" ind1=" " ind2=" ">
      <subfield code="a">MARCIVE 20200629</subfield>
    </datafield>
    <datafield tag="907" ind1=" " ind2=" ">
      <subfield code="a">.b5115156x</subfield>
      <subfield code="b">p    </subfield>
      <subfield code="c">-</subfield>
    </datafield>
    <datafield tag="945" ind1=" " ind2=" ">
      <subfield code="l">pstk </subfield>
      <subfield code="g">1</subfield>
    </datafield>
    <datafield tag="979" ind1=" " ind2=" ">
      <subfield code="a">ocn719427895</subfield>
    </datafield>
    <datafield tag="998" ind1=" " ind2=" ">
      <subfield code="b">1</subfield>
      <subfield code="c">120220</subfield>
      <subfield code="d">m</subfield>
      <subfield code="e">a</subfield>
      <subfield code="f">-</subfield>
      <subfield code="g">0</subfield>
    </datafield>
    <datafield tag="ADM" ind1=" " ind2=" ">
      <subfield code="b">2020-09-08 23:51:53</subfield>
      <subfield code="e">b5115156x-01tuli_inst</subfield>
      <subfield code="d">MARCIVE</subfield>
      <subfield code="f">20190607215046.0</subfield>
      <subfield code="a">2017-06-20 06:16:39</subfield>
      <subfield code="c">false</subfield>
    </datafield>
    <datafield tag="HLD" ind1="0" ind2=" ">
      <subfield code="b">ASRS</subfield>
      <subfield code="c">ASRS</subfield>
      <subfield code="h"> F3126 </subfield>
      <subfield code="i"> .C74 2011 </subfield>
      <subfield code="8">22463943730003811</subfield>
      <subfield code="updated">2019-05-01 21:21:31</subfield>
      <subfield code="created">2019-05-01 21:21:22</subfield>
    </datafield>
    <datafield tag="ITM" ind1=" " ind2=" ">
      <subfield code="r">22463943730003811</subfield>
      <subfield code="b">1</subfield>
      <subfield code="h">0</subfield>
      <subfield code="g">ASRS</subfield>
      <subfield code="t">BOOK</subfield>
      <subfield code="9">39074026409789</subfield>
      <subfield code="e">ASRS</subfield>
      <subfield code="8">23244518550003811</subfield>
      <subfield code="a">0</subfield>
      <subfield code="i">F3126 .C74 2011</subfield>
      <subfield code="updated">2019-05-01 21:21:58</subfield>
      <subfield code="q">2017-06-20 06:16:39</subfield>
      <subfield code="d">ASRS</subfield>
      <subfield code="f">ASRS</subfield>
    </datafield>
  </record>