
  <record>
    <leader>02850cam a2200445 i 4500</leader>
    <controlfield tag="005">20190920104138.0</controlfield>
    <controlfield tag="008">190308t20182018hiua     b    000 1 eng  </controlfield>
    <controlfield tag="001">991037044934203811</controlfield>
    <datafield tag="020" ind1=" " ind2=" ">
      <subfield code="a">9780824881696</subfield>
    </datafield>
    <datafield tag="020" ind1=" " ind2=" ">
      <subfield code="a">0824881699</subfield>
    </datafield>
    <datafield tag="035" ind1=" " ind2=" ">
      <subfield code="a">(OCoLC)1090684926</subfield>
    </datafield>
    <datafield tag="040" ind1=" " ind2=" ">
      <subfield code="a">NZ1</subfield>
      <subfield code="b">eng</subfield>
      <subfield code="e">rda</subfield>
      <subfield code="c">NZ1</subfield>
      <subfield code="d">OCLCO</subfield>
      <subfield code="d">COO</subfield>
      <subfield code="d">OCLCF</subfield>
    </datafield>
    <datafield tag="042" ind1=" " ind2=" ">
      <subfield code="a">nznb</subfield>
    </datafield>
    <datafield tag="043" ind1=" " ind2=" ">
      <subfield code="a">s-bl---</subfield>
    </datafield>
    <datafield tag="050" ind1=" " ind2="4">
      <subfield code="a">PQ9635</subfield>
      <subfield code="b">.B33 2019</subfield>
    </datafield>
    <datafield tag="082" ind1="0" ind2="4">
      <subfield code="a">819.9108</subfield>
      <subfield code="2">23</subfield>
    </datafield>
    <datafield tag="245" ind1="0" ind2="0">
      <subfield code="a">Becoming Brazil :</subfield>
      <subfield code="b">new fiction, poetry, and memoir /</subfield>
      <subfield code="c">Frank Stewart (series editor) ; Eric M. B. Becker, Noah Perales-Estoesta (guest editors).</subfield>
    </datafield>
    <datafield tag="264" ind1=" " ind2="1">
      <subfield code="a">Honolulu :</subfield>
      <subfield code="b">University of Hawaii Press,</subfield>
      <subfield code="c">2018.</subfield>
    </datafield>
    <datafield tag="264" ind1=" " ind2="4">
      <subfield code="c">&#xA9;2018</subfield>
    </datafield>
    <datafield tag="300" ind1=" " ind2=" ">
      <subfield code="a">xi, 204 pages :</subfield>
      <subfield code="b">illustrations ;</subfield>
      <subfield code="c">26 cm.</subfield>
    </datafield>
    <datafield tag="336" ind1=" " ind2=" ">
      <subfield code="a">text</subfield>
      <subfield code="2">rdacontent</subfield>
    </datafield>
    <datafield tag="337" ind1=" " ind2=" ">
      <subfield code="a">unmediated</subfield>
      <subfield code="2">rdamedia</subfield>
    </datafield>
    <datafield tag="338" ind1=" " ind2=" ">
      <subfield code="a">volume</subfield>
      <subfield code="2">rdacarrier</subfield>
    </datafield>
    <datafield tag="490" ind1="1" ind2=" ">
      <subfield code="a">Ma&#x304;noa,</subfield>
      <subfield code="x">1045-7909 ;</subfield>
      <subfield code="v">30:2</subfield>
    </datafield>
    <datafield tag="500" ind1=" " ind2=" ">
      <subfield code="a">Includes selected photographs by Sebastia&#x303;o Salgado.</subfield>
    </datafield>
    <datafield tag="504" ind1=" " ind2=" ">
      <subfield code="a">Includes bibliographical references.</subfield>
    </datafield>
    <datafield tag="505" ind1="0" ind2=" ">
      <subfield code="a">Garopaba Mon Amour / Caio Fernando Abreu -- Whale fishing / Joa&#x303;o Alphonsus -- Five poems / Fla&#x301;vio de Arau&#x301;jo -- Three poems / Carlito Azevedo -- Seven poems / Bruna Beber -- Burial of the poor / Eliane Brum -- Two poems / Fabiano Calixto -- Boderline, Seven stories / Marci&#x301;lio Franc&#x327;a Castro -- Sunday dress / Ruth Ducaso -- Ana Davenga / Conceic&#x327;a&#x303;o Evaristo -- Antitherapies / Jacques Fux -- The darkest of places / Milton Hatoum -- Three poems / Le&#x302;do Ivo -- Three poems / Sarah Rebecca Kersley -- Dead time / Henrique Yuichi Komatsu -- Desert / Luis S. Krausz -- Take it easy brother! / Nelson Maca -- The phoenix / Salgado Maranha&#x303;o -- The Dionti family / Alan Minas -- I'm still here / Marcelo Rubens Paiva -- The lonely sailor / Jose&#x301; Luiz Passos -- Three Cro&#x302;nicas / Antonio Prata -- St. Bernardo / Graciliano Ramos -- Four poems / Fla&#x301;via Rocha -- Infamous / Joa&#x303;o Guimara&#x303;es Rosa -- The blockade, The erstwhile magician of Minhota Tavern, The pyrotechnist Zacharias / Murilo Rubia&#x303;o -- When the earth was round / Jose&#x301; J. Veiga.</subfield>
    </datafield>
    <datafield tag="650" ind1=" " ind2="0">
      <subfield code="a">Short stories, Brazilian</subfield>
      <subfield code="0">http://id.loc.gov/authorities/subjects/sh85121834</subfield>
      <subfield code="y">21st century.</subfield>
      <subfield code="0">http://id.loc.gov/authorities/subjects/sh2002012478</subfield>
    </datafield>
    <datafield tag="650" ind1=" " ind2="7">
      <subfield code="a">Short stories, Brazilian.</subfield>
      <subfield code="2">fast</subfield>
      <subfield code="0">http://id.worldcat.org/fast/1117120</subfield>
    </datafield>
    <datafield tag="650" ind1=" " ind2="0">
      <subfield code="a">Brazilian poetry</subfield>
      <subfield code="0">http://id.loc.gov/authorities/subjects/sh85016623</subfield>
      <subfield code="y">21st century.</subfield>
      <subfield code="0">http://id.loc.gov/authorities/subjects/sh2002012478</subfield>
    </datafield>
    <datafield tag="650" ind1=" " ind2="7">
      <subfield code="a">Brazilian poetry.</subfield>
      <subfield code="2">fast</subfield>
      <subfield code="0">http://id.worldcat.org/fast/838148</subfield>
    </datafield>
    <datafield tag="650" ind1="1" ind2="7">
      <subfield code="a">Brazilian poetry.</subfield>
      <subfield code="2">fast</subfield>
      <subfield code="0">http://id.worldcat.org/fast/838148</subfield>
    </datafield>
    <datafield tag="650" ind1="1" ind2="7">
      <subfield code="a">Short stories, Brazilian.</subfield>
      <subfield code="2">fast</subfield>
      <subfield code="0">http://id.worldcat.org/fast/1117120</subfield>
    </datafield>
    <datafield tag="655" ind1=" " ind2="7">
      <subfield code="a">Fiction.</subfield>
      <subfield code="2">lcgft</subfield>
      <subfield code="0">http://id.loc.gov/authorities/genreForms/gf2014026339</subfield>
    </datafield>
    <datafield tag="655" ind1=" " ind2="7">
      <subfield code="a">Fiction.</subfield>
      <subfield code="2">fast</subfield>
      <subfield code="0">http://id.worldcat.org/fast/1423787</subfield>
    </datafield>
    <datafield tag="648" ind1=" " ind2="7">
      <subfield code="a">2000-2099</subfield>
      <subfield code="2">fast</subfield>
    </datafield>
    <datafield tag="648" ind1=" " ind2="7">
      <subfield code="a">21st century.</subfield>
      <subfield code="2">fast</subfield>
    </datafield>
    <datafield tag="700" ind1="1" ind2=" ">
      <subfield code="a">Stewart, Frank,</subfield>
      <subfield code="d">1946-</subfield>
      <subfield code="0">http://id.loc.gov/authorities/names/n79069000</subfield>
      <subfield code="e">editor.</subfield>
    </datafield>
    <datafield tag="700" ind1="1" ind2=" ">
      <subfield code="a">Becker, Eric M. B.,</subfield>
      <subfield code="0">http://id.loc.gov/authorities/names/n2017059400</subfield>
      <subfield code="e">editor.</subfield>
    </datafield>
    <datafield tag="700" ind1="1" ind2=" ">
      <subfield code="a">Perales-Estoesta, Noah,</subfield>
      <subfield code="e">editor.</subfield>
    </datafield>
    <datafield tag="700" ind1="1" ind2=" ">
      <subfield code="a">Salgado, Sebastia&#x303;o,</subfield>
      <subfield code="d">1944-</subfield>
      <subfield code="0">http://id.loc.gov/authorities/names/n86145916</subfield>
      <subfield code="e">photographer.</subfield>
    </datafield>
    <datafield tag="830" ind1=" " ind2="0">
      <subfield code="a">Ma&#x304;noa (Honolulu, Hawaii : 1989) ;</subfield>
      <subfield code="v">30:2.</subfield>
      <subfield code="0">http://id.loc.gov/authorities/names/no00094342</subfield>
    </datafield>
    <datafield tag="904" ind1=" " ind2=" ">
      <subfield code="a">MARCIVE 20200629</subfield>
    </datafield>
    <datafield tag="945" ind1=" " ind2="1">
      <subfield code="i">39074031756745</subfield>
      <subfield code="k">MAIN</subfield>
      <subfield code="l">stacks</subfield>
      <subfield code="a">PQ9635</subfield>
      <subfield code="c">30:2</subfield>
      <subfield code="z">090</subfield>
    </datafield>
    <datafield tag="979" ind1=" " ind2=" ">
      <subfield code="a">(OCoLC)1090684926</subfield>
    </datafield>
    <datafield tag="997" ind1=" " ind2=" ">
      <subfield code="a">20190612101218.0</subfield>
      <subfield code="c">YL</subfield>
      <subfield code="d">TEU</subfield>
      <subfield code="s">OCLC</subfield>
      <subfield code="e">WCAT</subfield>
    </datafield>
    <datafield tag="ADM" ind1=" " ind2=" ">
      <subfield code="b">2020-07-24 11:41:13</subfield>
      <subfield code="e">991037044934203811</subfield>
      <subfield code="d">MARCIVE</subfield>
      <subfield code="f">20190814150154.0</subfield>
      <subfield code="a">2019-05-16 14:44:33</subfield>
      <subfield code="c">false</subfield>
    </datafield>
    <datafield tag="HLD" ind1="0" ind2=" ">
      <subfield code="b">MAIN</subfield>
      <subfield code="c">stacks</subfield>
      <subfield code="h">PQ9635</subfield>
      <subfield code="i">.B33 2019</subfield>
      <subfield code="8">22467629860003811</subfield>
      <subfield code="updated">2019-06-12 14:14:14</subfield>
      <subfield code="created">2019-05-16 14:47:00</subfield>
    </datafield>
    <datafield tag="ITM" ind1=" " ind2=" ">
      <subfield code="r">22467629860003811</subfield>
      <subfield code="b">1</subfield>
      <subfield code="h">0</subfield>
      <subfield code="g">stacks</subfield>
      <subfield code="t">BOOK</subfield>
      <subfield code="9">39074031756745</subfield>
      <subfield code="e">stacks</subfield>
      <subfield code="l">0</subfield>
      <subfield code="8">23467629850003811</subfield>
      <subfield code="a">0</subfield>
      <subfield code="i">PQ9635 .B33 2019</subfield>
      <subfield code="updated">2019-07-05 14:47:34</subfield>
      <subfield code="q">2019-05-16 14:47:00</subfield>
      <subfield code="d">MAIN</subfield>
      <subfield code="f">MAIN</subfield>
    </datafield>
  </record>