
  <record>
    <leader>03749cam a2200601 i 4500</leader>
    <controlfield tag="005">20190715211434.0</controlfield>
    <controlfield tag="008">140219t20142014txua     b   s001 0beng  </controlfield>
    <controlfield tag="001">991006439669703811</controlfield>
    <datafield tag="010" ind1=" " ind2=" ">
      <subfield code="a">2014006424</subfield>
    </datafield>
    <datafield tag="020" ind1=" " ind2=" ">
      <subfield code="a">9780292729148</subfield>
      <subfield code="q">(cloth)</subfield>
      <subfield code="q">(alkaline paper)</subfield>
    </datafield>
    <datafield tag="020" ind1=" " ind2=" ">
      <subfield code="a">0292729146</subfield>
      <subfield code="q">(cloth)</subfield>
      <subfield code="q">(alkaline paper)</subfield>
    </datafield>
    <datafield tag="035" ind1=" " ind2=" ">
      <subfield code="a">(PPT)b57010092-01tuli_inst</subfield>
    </datafield>
    <datafield tag="035" ind1=" " ind2=" ">
      <subfield code="a">(OCoLC)ocn898700334</subfield>
      <subfield code="9">ExL</subfield>
    </datafield>
    <datafield tag="035" ind1=" " ind2=" ">
      <subfield code="a">(OCoLC)872561873</subfield>
    </datafield>
    <datafield tag="035" ind1=" " ind2=" ">
      <subfield code="a">ocn872561873</subfield>
    </datafield>
    <datafield tag="035" ind1=" " ind2=" ">
      <subfield code="a">(OCLC)ocn872561873</subfield>
    </datafield>
    <datafield tag="040" ind1=" " ind2=" ">
      <subfield code="a">ICU/DLC</subfield>
      <subfield code="b">eng</subfield>
      <subfield code="e">rda</subfield>
      <subfield code="c">STF</subfield>
      <subfield code="d">CGU</subfield>
      <subfield code="d">DLC</subfield>
      <subfield code="d">YDXCP</subfield>
      <subfield code="d">BTCTA</subfield>
      <subfield code="d">BDX</subfield>
      <subfield code="d">OCLCF</subfield>
      <subfield code="d">RIOSL</subfield>
      <subfield code="d">CLE</subfield>
      <subfield code="d">JQM</subfield>
      <subfield code="d">IKM</subfield>
      <subfield code="d">VP@</subfield>
      <subfield code="d">COO</subfield>
      <subfield code="d">CHVBK</subfield>
      <subfield code="d">ZCU</subfield>
    </datafield>
    <datafield tag="042" ind1=" " ind2=" ">
      <subfield code="a">pcc</subfield>
    </datafield>
    <datafield tag="043" ind1=" " ind2=" ">
      <subfield code="a">n-us---</subfield>
    </datafield>
    <datafield tag="079" ind1=" " ind2=" ">
      <subfield code="a">ocn872561873</subfield>
    </datafield>
    <datafield tag="086" ind1=" " ind2=" ">
      <subfield code="a">Z UA380.8 SM61be</subfield>
      <subfield code="2">txdocs</subfield>
    </datafield>
    <datafield tag="090" ind1=" " ind2=" ">
      <subfield code="a">ML420.B32</subfield>
      <subfield code="b">S55 2014</subfield>
    </datafield>
    <datafield tag="100" ind1="1" ind2=" ">
      <subfield code="a">Smith, Judith E.,</subfield>
      <subfield code="d">1948-</subfield>
      <subfield code="0">http://id.loc.gov/authorities/names/n85091970</subfield>
      <subfield code="e">author.</subfield>
    </datafield>
    <datafield tag="245" ind1="1" ind2="0">
      <subfield code="a">Becoming Belafonte :</subfield>
      <subfield code="b">black artist, public radical /</subfield>
      <subfield code="c">by Judith E. Smith.</subfield>
    </datafield>
    <datafield tag="250" ind1=" " ind2=" ">
      <subfield code="a">First edition.</subfield>
    </datafield>
    <datafield tag="264" ind1=" " ind2="1">
      <subfield code="a">Austin :</subfield>
      <subfield code="b">University of Texas Press,</subfield>
      <subfield code="c">2014.</subfield>
    </datafield>
    <datafield tag="264" ind1=" " ind2="4">
      <subfield code="c">&#xA9;2014</subfield>
    </datafield>
    <datafield tag="300" ind1=" " ind2=" ">
      <subfield code="a">xiii, 352 pages :</subfield>
      <subfield code="b">illustrations ;</subfield>
      <subfield code="c">24 cm.</subfield>
    </datafield>
    <datafield tag="336" ind1=" " ind2=" ">
      <subfield code="a">text</subfield>
      <subfield code="2">rdacontent</subfield>
    </datafield>
    <datafield tag="337" ind1=" " ind2=" ">
      <subfield code="a">unmediated</subfield>
      <subfield code="2">rdamedia</subfield>
    </datafield>
    <datafield tag="338" ind1=" " ind2=" ">
      <subfield code="a">volume</subfield>
      <subfield code="2">rdacarrier</subfield>
    </datafield>
    <datafield tag="490" ind1="1" ind2=" ">
      <subfield code="a">Discovering America</subfield>
    </datafield>
    <datafield tag="504" ind1=" " ind2=" ">
      <subfield code="a">Includes bibliographical references (pages 261-331) and index (pages 333-352).</subfield>
    </datafield>
    <datafield tag="505" ind1="0" ind2=" ">
      <subfield code="a">From Harlem, Jamaica, and the segregated navy to New York City's interracial left-wing culture, 1927/1948 -- Black left, white stage, Cold War : moving into the spotlight, 1949/1954 -- Multimedia stardom and the struggle for racial equality, 1955/1960 -- Storming the gates : producing film and television, 1957/1970.</subfield>
    </datafield>
    <datafield tag="520" ind1=" " ind2=" ">
      <subfield code="a">A son of poor Jamaican immigrants who grew up in Depression-era Harlem, Harry Belafonte became the first black performer to gain artistic control over the representation of African Americans in commercial television and film. Forging connections with an astonishing array of consequential players on the American scene in the decades following World War II -- from Paul Robeson to Ed Sullivan, John Kennedy to Stokely Carmichael -- Belafonte established his place in American culture as a hugely popular singer, matinee idol, internationalist, and champion of civil rights, black pride, and black power. --Publisher's description.</subfield>
    </datafield>
    <datafield tag="650" ind1=" " ind2="0">
      <subfield code="a">African American civil rights workers</subfield>
      <subfield code="v">Biography.</subfield>
      <subfield code="0">http://id.loc.gov/authorities/subjects/sh2007100464</subfield>
    </datafield>
    <datafield tag="650" ind1=" " ind2="0">
      <subfield code="a">Musicians, Black</subfield>
      <subfield code="0">http://id.loc.gov/authorities/subjects/sh85089036</subfield>
      <subfield code="z">United States</subfield>
      <subfield code="0">http://id.loc.gov/authorities/names/n78095330</subfield>
      <subfield code="v">Biography.</subfield>
      <subfield code="0">http://id.loc.gov/authorities/subjects/sh99001237</subfield>
    </datafield>
    <datafield tag="650" ind1=" " ind2="7">
      <subfield code="a">Musicians, Black.</subfield>
      <subfield code="2">fast</subfield>
      <subfield code="0">http://id.worldcat.org/fast/1030887</subfield>
    </datafield>
    <datafield tag="650" ind1=" " ind2="0">
      <subfield code="a">Actors, Black</subfield>
      <subfield code="0">http://id.loc.gov/authorities/subjects/sh85000749</subfield>
      <subfield code="z">United States</subfield>
      <subfield code="0">http://id.loc.gov/authorities/names/n78095330</subfield>
      <subfield code="v">Biography.</subfield>
      <subfield code="0">http://id.loc.gov/authorities/subjects/sh99001237</subfield>
    </datafield>
    <datafield tag="650" ind1=" " ind2="7">
      <subfield code="a">Actors, Black.</subfield>
      <subfield code="2">fast</subfield>
      <subfield code="0">http://id.worldcat.org/fast/796327</subfield>
    </datafield>
    <datafield tag="650" ind1="1" ind2="7">
      <subfield code="a">Actors, Black.</subfield>
      <subfield code="2">fast</subfield>
      <subfield code="0">http://id.worldcat.org/fast/796327</subfield>
    </datafield>
    <datafield tag="650" ind1="1" ind2="7">
      <subfield code="a">Musicians, Black.</subfield>
      <subfield code="2">fast</subfield>
      <subfield code="0">http://id.worldcat.org/fast/1030887</subfield>
    </datafield>
    <datafield tag="650" ind1="1" ind2="7">
      <subfield code="a">African American civil rights workers.</subfield>
      <subfield code="2">fast</subfield>
      <subfield code="0">http://id.worldcat.org/fast/799093</subfield>
    </datafield>
    <datafield tag="651" ind1="2" ind2="7">
      <subfield code="a">United States.</subfield>
      <subfield code="2">fast</subfield>
      <subfield code="0">http://id.worldcat.org/fast/1204155</subfield>
    </datafield>
    <datafield tag="655" ind1=" " ind2="7">
      <subfield code="a">Biographies.</subfield>
      <subfield code="2">fast</subfield>
      <subfield code="0">http://id.worldcat.org/fast/1919896</subfield>
    </datafield>
    <datafield tag="655" ind1=" " ind2="7">
      <subfield code="a">Biographies.</subfield>
      <subfield code="2">lcgft</subfield>
      <subfield code="0">http://id.loc.gov/authorities/genreForms/gf2014026049</subfield>
    </datafield>
    <datafield tag="655" ind1="2" ind2="7">
      <subfield code="a">Biographies.</subfield>
      <subfield code="2">fast</subfield>
      <subfield code="0">http://id.worldcat.org/fast/1919896</subfield>
    </datafield>
    <datafield tag="600" ind1="1" ind2="0">
      <subfield code="a">Belafonte, Harry,</subfield>
      <subfield code="d">1927-</subfield>
      <subfield code="0">http://id.loc.gov/authorities/names/n84028909</subfield>
    </datafield>
    <datafield tag="600" ind1="1" ind2="7">
      <subfield code="a">Belafonte, Harry,</subfield>
      <subfield code="d">1927-</subfield>
      <subfield code="2">fast</subfield>
      <subfield code="0">http://id.worldcat.org/fast/134747</subfield>
    </datafield>
    <datafield tag="600" ind1="1" ind2="7">
      <subfield code="a">Belafonte, Harry</subfield>
      <subfield code="d">1927-.</subfield>
      <subfield code="0">(DE-588)118508555</subfield>
      <subfield code="2">gnd</subfield>
    </datafield>
    <datafield tag="600" ind1=" " ind2="7">
      <subfield code="a">Belafonte, Harry,</subfield>
      <subfield code="d">1927-</subfield>
      <subfield code="2">fast</subfield>
      <subfield code="0">http://id.worldcat.org/fast/134747</subfield>
    </datafield>
    <datafield tag="830" ind1=" " ind2="0">
      <subfield code="a">Discovering America series</subfield>
      <subfield code="0">http://id.loc.gov/authorities/names/no2011149076</subfield>
    </datafield>
    <datafield tag="902" ind1=" " ind2=" ">
      <subfield code="a">MARCIVE-BF 20190703</subfield>
    </datafield>
    <datafield tag="904" ind1=" " ind2=" ">
      <subfield code="a">MARCIVE 20200629</subfield>
    </datafield>
    <datafield tag="907" ind1=" " ind2=" ">
      <subfield code="a">.b57010092</subfield>
      <subfield code="b">p    </subfield>
      <subfield code="c">-</subfield>
    </datafield>
    <datafield tag="945" ind1=" " ind2=" ">
      <subfield code="l">pstk </subfield>
      <subfield code="g">1</subfield>
    </datafield>
    <datafield tag="979" ind1=" " ind2=" ">
      <subfield code="a">ocn872561873</subfield>
    </datafield>
    <datafield tag="998" ind1=" " ind2=" ">
      <subfield code="b">1</subfield>
      <subfield code="c">141211</subfield>
      <subfield code="d">m</subfield>
      <subfield code="e">a</subfield>
      <subfield code="f">-</subfield>
      <subfield code="g">0</subfield>
    </datafield>
    <datafield tag="ADM" ind1=" " ind2=" ">
      <subfield code="b">2020-09-08 21:59:54</subfield>
      <subfield code="e">b57010092-01tuli_inst</subfield>
      <subfield code="d">MARCIVE</subfield>
      <subfield code="f">20190607170838.0</subfield>
      <subfield code="a">2017-06-20 12:08:52</subfield>
      <subfield code="c">false</subfield>
    </datafield>
    <datafield tag="HLD" ind1="0" ind2=" ">
      <subfield code="b">ASRS</subfield>
      <subfield code="c">ASRS</subfield>
      <subfield code="h"> ML420.B32 </subfield>
      <subfield code="i"> S55 2014 </subfield>
      <subfield code="8">22465279240003811</subfield>
      <subfield code="updated">2019-05-03 21:07:11</subfield>
      <subfield code="created">2019-05-03 21:07:04</subfield>
    </datafield>
    <datafield tag="ITM" ind1=" " ind2=" ">
      <subfield code="r">22465279240003811</subfield>
      <subfield code="b">1</subfield>
      <subfield code="h">0</subfield>
      <subfield code="g">ASRS</subfield>
      <subfield code="t">BOOK</subfield>
      <subfield code="9">39074028721694</subfield>
      <subfield code="e">ASRS</subfield>
      <subfield code="8">23316138440003811</subfield>
      <subfield code="a">0</subfield>
      <subfield code="i">ML420.B32 S55 2014</subfield>
      <subfield code="updated">2019-05-03 21:07:36</subfield>
      <subfield code="q">2017-06-20 12:08:52</subfield>
      <subfield code="d">ASRS</subfield>
      <subfield code="f">ASRS</subfield>
    </datafield>
  </record>