
  <record>
    <leader>02471cam a2200589 a 4500</leader>
    <controlfield tag="005">20190715135730.0</controlfield>
    <controlfield tag="008">110304t20112011ne       b    001 0 eng  </controlfield>
    <controlfield tag="001">991022098499703811</controlfield>
    <datafield tag="010" ind1=" " ind2=" ">
      <subfield code="a">2011009711</subfield>
    </datafield>
    <datafield tag="020" ind1=" " ind2=" ">
      <subfield code="a">9789027252173</subfield>
      <subfield code="q">alkaline paper</subfield>
    </datafield>
    <datafield tag="020" ind1=" " ind2=" ">
      <subfield code="a">9027252173</subfield>
      <subfield code="q">alkaline paper</subfield>
    </datafield>
    <datafield tag="020" ind1=" " ind2=" ">
      <subfield code="a">9789027286796</subfield>
      <subfield code="q">eb</subfield>
    </datafield>
    <datafield tag="020" ind1=" " ind2=" ">
      <subfield code="a">9027286795</subfield>
      <subfield code="q">eb</subfield>
    </datafield>
    <datafield tag="035" ind1=" " ind2=" ">
      <subfield code="a">(PPT)b50156597-01tuli_inst</subfield>
    </datafield>
    <datafield tag="035" ind1=" " ind2=" ">
      <subfield code="a">(OCoLC)ocn761177658</subfield>
      <subfield code="9">ExL</subfield>
    </datafield>
    <datafield tag="035" ind1=" " ind2=" ">
      <subfield code="a">(OCoLC)706804055</subfield>
    </datafield>
    <datafield tag="035" ind1=" " ind2=" ">
      <subfield code="a">ocn706804055</subfield>
    </datafield>
    <datafield tag="035" ind1=" " ind2=" ">
      <subfield code="a">(OCLC)ocn706804055</subfield>
    </datafield>
    <datafield tag="040" ind1=" " ind2=" ">
      <subfield code="a">DLC</subfield>
      <subfield code="b">eng</subfield>
      <subfield code="c">DLC</subfield>
      <subfield code="d">YDX</subfield>
      <subfield code="d">YDXCP</subfield>
      <subfield code="d">ERASA</subfield>
      <subfield code="d">CDX</subfield>
      <subfield code="d">BWX</subfield>
      <subfield code="d">UKMGB</subfield>
      <subfield code="d">NLM</subfield>
    </datafield>
    <datafield tag="042" ind1=" " ind2=" ">
      <subfield code="a">pcc</subfield>
    </datafield>
    <datafield tag="079" ind1=" " ind2=" ">
      <subfield code="a">ocn706804055</subfield>
    </datafield>
    <datafield tag="090" ind1=" " ind2=" ">
      <subfield code="a">P118</subfield>
      <subfield code="b">.B44 2011</subfield>
    </datafield>
    <datafield tag="100" ind1="1" ind2=" ">
      <subfield code="a">Bejarano, Teresa.</subfield>
      <subfield code="0">http://id.loc.gov/authorities/names/n2011014864</subfield>
    </datafield>
    <datafield tag="245" ind1="1" ind2="0">
      <subfield code="a">Becoming human :</subfield>
      <subfield code="b">from pointing gestures to syntax /</subfield>
      <subfield code="c">Teresa Bejarano.</subfield>
    </datafield>
    <datafield tag="264" ind1=" " ind2="1">
      <subfield code="a">Amsterdam ;</subfield>
      <subfield code="a">Philadelphia :</subfield>
      <subfield code="b">John Benjamins,</subfield>
      <subfield code="c">[2011]</subfield>
    </datafield>
    <datafield tag="264" ind1=" " ind2="4">
      <subfield code="c">&#xA9;2011</subfield>
    </datafield>
    <datafield tag="300" ind1=" " ind2=" ">
      <subfield code="a">xvii, 402 pages ;</subfield>
      <subfield code="c">25 cm.</subfield>
    </datafield>
    <datafield tag="336" ind1=" " ind2=" ">
      <subfield code="a">text</subfield>
      <subfield code="b">txt</subfield>
      <subfield code="2">rdacontent</subfield>
    </datafield>
    <datafield tag="337" ind1=" " ind2=" ">
      <subfield code="a">unmediated</subfield>
      <subfield code="b">n</subfield>
      <subfield code="2">rdamedia</subfield>
    </datafield>
    <datafield tag="338" ind1=" " ind2=" ">
      <subfield code="a">volume</subfield>
      <subfield code="b">nc</subfield>
      <subfield code="2">rdacarrier</subfield>
    </datafield>
    <datafield tag="490" ind1="1" ind2=" ">
      <subfield code="a">Advances in consciousness research ;</subfield>
      <subfield code="v">v. 81</subfield>
    </datafield>
    <datafield tag="504" ind1=" " ind2=" ">
      <subfield code="a">Includes bibliographical references and indexes.</subfield>
    </datafield>
    <datafield tag="650" ind1=" " ind2="0">
      <subfield code="a">Gesture.</subfield>
      <subfield code="0">http://id.loc.gov/authorities/subjects/sh85054727</subfield>
    </datafield>
    <datafield tag="650" ind1=" " ind2="7">
      <subfield code="a">Gesture.</subfield>
      <subfield code="2">fast</subfield>
      <subfield code="0">http://id.worldcat.org/fast/942279</subfield>
    </datafield>
    <datafield tag="650" ind1=" " ind2="0">
      <subfield code="a">Grammar, Comparative and general</subfield>
      <subfield code="x">Syntax.</subfield>
      <subfield code="0">http://id.loc.gov/authorities/subjects/sh85056338</subfield>
    </datafield>
    <datafield tag="650" ind1=" " ind2="7">
      <subfield code="a">Grammar, Comparative and general</subfield>
      <subfield code="x">Syntax.</subfield>
      <subfield code="2">fast</subfield>
      <subfield code="0">http://id.worldcat.org/fast/946258</subfield>
    </datafield>
    <datafield tag="650" ind1=" " ind2="0">
      <subfield code="a">Psycholinguistics.</subfield>
      <subfield code="0">http://id.loc.gov/authorities/subjects/sh85108432</subfield>
    </datafield>
    <datafield tag="650" ind1=" " ind2="7">
      <subfield code="a">Psycholinguistics.</subfield>
      <subfield code="2">fast</subfield>
      <subfield code="0">http://id.worldcat.org/fast/1081323</subfield>
    </datafield>
    <datafield tag="650" ind1="1" ind2="2">
      <subfield code="a">Language.</subfield>
      <subfield code="0">https://id.nlm.nih.gov/mesh/D007802</subfield>
    </datafield>
    <datafield tag="650" ind1="2" ind2="2">
      <subfield code="a">Gestures.</subfield>
      <subfield code="0">https://id.nlm.nih.gov/mesh/D005868</subfield>
    </datafield>
    <datafield tag="650" ind1="2" ind2="2">
      <subfield code="a">Learning.</subfield>
      <subfield code="0">https://id.nlm.nih.gov/mesh/D007858</subfield>
    </datafield>
    <datafield tag="650" ind1="2" ind2="2">
      <subfield code="a">Models, Animal.</subfield>
      <subfield code="0">https://id.nlm.nih.gov/mesh/D023421</subfield>
    </datafield>
    <datafield tag="650" ind1=" " ind2="0">
      <subfield code="a">Language acquisition.</subfield>
      <subfield code="0">http://id.loc.gov/authorities/subjects/sh85074511</subfield>
    </datafield>
    <datafield tag="650" ind1=" " ind2="7">
      <subfield code="a">Language acquisition.</subfield>
      <subfield code="2">fast</subfield>
      <subfield code="0">http://id.worldcat.org/fast/992119</subfield>
    </datafield>
    <datafield tag="830" ind1=" " ind2="0">
      <subfield code="a">Advances in consciousness research;</subfield>
      <subfield code="v">v. 81.</subfield>
      <subfield code="0">http://id.loc.gov/authorities/names/n94112768</subfield>
    </datafield>
    <datafield tag="902" ind1=" " ind2=" ">
      <subfield code="a">120117</subfield>
    </datafield>
    <datafield tag="902" ind1=" " ind2=" ">
      <subfield code="a">MARCIVE-BF 20190703</subfield>
    </datafield>
    <datafield tag="904" ind1=" " ind2=" ">
      <subfield code="a">MARCIVE 20190703</subfield>
    </datafield>
    <datafield tag="907" ind1=" " ind2=" ">
      <subfield code="a">.b50156597</subfield>
      <subfield code="b">p    </subfield>
      <subfield code="c">-</subfield>
    </datafield>
    <datafield tag="945" ind1=" " ind2=" ">
      <subfield code="l">pstk </subfield>
      <subfield code="g">1</subfield>
    </datafield>
    <datafield tag="979" ind1=" " ind2=" ">
      <subfield code="a">ocn706804055</subfield>
    </datafield>
    <datafield tag="998" ind1=" " ind2=" ">
      <subfield code="b">1</subfield>
      <subfield code="c">111025</subfield>
      <subfield code="d">m</subfield>
      <subfield code="e">a</subfield>
      <subfield code="f">-</subfield>
      <subfield code="g">0</subfield>
    </datafield>
    <datafield tag="ADM" ind1=" " ind2=" ">
      <subfield code="b">2020-02-13 18:02:03</subfield>
      <subfield code="e">b50156597-01tuli_inst</subfield>
      <subfield code="d">MARCIVE</subfield>
      <subfield code="f">20190608034259.0</subfield>
      <subfield code="a">2017-06-20 07:06:03</subfield>
      <subfield code="c">false</subfield>
    </datafield>
    <datafield tag="HLD" ind1="0" ind2=" ">
      <subfield code="b">ASRS</subfield>
      <subfield code="c">ASRS</subfield>
      <subfield code="h"> P118 </subfield>
      <subfield code="i"> .B44 2011 </subfield>
      <subfield code="8">22462025290003811</subfield>
      <subfield code="updated">2019-04-29 14:21:37</subfield>
      <subfield code="created">2019-04-29 14:21:35</subfield>
    </datafield>
    <datafield tag="ITM" ind1=" " ind2=" ">
      <subfield code="r">22462025290003811</subfield>
      <subfield code="b">1</subfield>
      <subfield code="h">0</subfield>
      <subfield code="g">ASRS</subfield>
      <subfield code="t">BOOK</subfield>
      <subfield code="9">39074026146134</subfield>
      <subfield code="e">ASRS</subfield>
      <subfield code="8">23260847880003811</subfield>
      <subfield code="a">0</subfield>
      <subfield code="i">P118 .B44 2011</subfield>
      <subfield code="updated">2019-04-29 14:22:07</subfield>
      <subfield code="q">2017-06-20 07:06:03</subfield>
      <subfield code="d">ASRS</subfield>
      <subfield code="f">ASRS</subfield>
    </datafield>
  </record>