
  <record>
    <leader>04043cam a2200517 i 4500</leader>
    <controlfield tag="005">20190716035804.0</controlfield>
    <controlfield tag="008">170104s2017    nyu      b    000 0 eng  </controlfield>
    <controlfield tag="001">991030167309703811</controlfield>
    <datafield tag="010" ind1=" " ind2=" ">
      <subfield code="a">2016040483</subfield>
    </datafield>
    <datafield tag="020" ind1=" " ind2=" ">
      <subfield code="a">9781433135262</subfield>
      <subfield code="q">(hardcover)</subfield>
      <subfield code="q">(alkaline paper)</subfield>
    </datafield>
    <datafield tag="020" ind1=" " ind2=" ">
      <subfield code="a">1433135264</subfield>
      <subfield code="q">(hardcover)</subfield>
      <subfield code="q">(alkaline paper)</subfield>
    </datafield>
    <datafield tag="020" ind1=" " ind2=" ">
      <subfield code="z">9781453919187</subfield>
      <subfield code="q">(electronic book electronic book)</subfield>
    </datafield>
    <datafield tag="020" ind1=" " ind2=" ">
      <subfield code="z">9781433139192</subfield>
      <subfield code="q">(electronic publication)</subfield>
    </datafield>
    <datafield tag="020" ind1=" " ind2=" ">
      <subfield code="z">9781433139208</subfield>
      <subfield code="q">(mobi)</subfield>
    </datafield>
    <datafield tag="035" ind1=" " ind2=" ">
      <subfield code="a">(PPT)b64145359-01tuli_inst</subfield>
    </datafield>
    <datafield tag="035" ind1=" " ind2=" ">
      <subfield code="a">(OCoLC)967774702</subfield>
    </datafield>
    <datafield tag="035" ind1=" " ind2=" ">
      <subfield code="a">ocn967774702</subfield>
    </datafield>
    <datafield tag="035" ind1=" " ind2=" ">
      <subfield code="a">(OCLC)ocn967774702</subfield>
    </datafield>
    <datafield tag="040" ind1=" " ind2=" ">
      <subfield code="a">DLC</subfield>
      <subfield code="b">eng</subfield>
      <subfield code="e">rda</subfield>
      <subfield code="c">DLC</subfield>
      <subfield code="d">OCLCO</subfield>
      <subfield code="d">YDX</subfield>
      <subfield code="d">YDX</subfield>
      <subfield code="d">OCLCQ</subfield>
      <subfield code="d">OCLCO</subfield>
    </datafield>
    <datafield tag="042" ind1=" " ind2=" ">
      <subfield code="a">pcc</subfield>
    </datafield>
    <datafield tag="079" ind1=" " ind2=" ">
      <subfield code="a">ocn967774702</subfield>
    </datafield>
    <datafield tag="090" ind1=" " ind2=" ">
      <subfield code="a">PT2607.U493</subfield>
      <subfield code="b">S7434 2017</subfield>
    </datafield>
    <datafield tag="100" ind1="1" ind2=" ">
      <subfield code="a">Gabor-Peirce, Olivia G.</subfield>
      <subfield code="e">author.</subfield>
      <subfield code="0">http://id.loc.gov/authorities/names/n2017000293</subfield>
    </datafield>
    <datafield tag="245" ind1="1" ind2="0">
      <subfield code="a">Becoming fiction :</subfield>
      <subfield code="b">reassessing atheism in Du&#x308;rrenmatt's Stoffe /</subfield>
      <subfield code="c">Olivia G. Gabor-Peirce.</subfield>
    </datafield>
    <datafield tag="264" ind1=" " ind2="1">
      <subfield code="a">New York :</subfield>
      <subfield code="b">Peter Lang Publishing, Inc.,</subfield>
      <subfield code="c">2017.</subfield>
    </datafield>
    <datafield tag="300" ind1=" " ind2=" ">
      <subfield code="a">286 pages ;</subfield>
      <subfield code="c">24 cm.</subfield>
    </datafield>
    <datafield tag="336" ind1=" " ind2=" ">
      <subfield code="a">text</subfield>
      <subfield code="b">txt</subfield>
      <subfield code="2">rdacontent</subfield>
    </datafield>
    <datafield tag="337" ind1=" " ind2=" ">
      <subfield code="a">unmediated</subfield>
      <subfield code="b">n</subfield>
      <subfield code="2">rdamedia</subfield>
    </datafield>
    <datafield tag="338" ind1=" " ind2=" ">
      <subfield code="a">volume</subfield>
      <subfield code="b">nc</subfield>
      <subfield code="2">rdacarrier</subfield>
    </datafield>
    <datafield tag="490" ind1="1" ind2=" ">
      <subfield code="a">Studies on themes and motifs in literature ;</subfield>
      <subfield code="v">Vol. 131</subfield>
    </datafield>
    <datafield tag="504" ind1=" " ind2=" ">
      <subfield code="a">Includes bibliographical references.</subfield>
    </datafield>
    <datafield tag="520" ind1=" " ind2=" ">
      <subfield code="a">Becoming Fiction: Reassessing Atheism in Du&#x308;rrenmatt's Stoffe sets forth a clarification of the importance of Friedrich Du&#x308;rrenmatt, modern Swiss dramatist, essayist, novelist and self-proclaimed atheist (1921-1990), and otters new insights into the ways in which his father's vocation as a Protestant minister, along with Du&#x308;rrenmatt's own decision as a young man to pursue a career in writing rather than religion, shaped his world view and, in particular, made necessary a final, desperate attempt to fictionally recast his own life through revisions and amplifications of many of his earlier works when he created his final prose volume, Stoffe. Du&#x308;rrenmatt devoted immense energy in his writings to wrestling with his father's God as a way of seeking self-identity. That perceived loss of his father's esteem became the motor behind his works. After earlier successes, the icy reception of his most ambitious play, Der Mitmacher, in 1976, left the author in such a frustrated state of disappointment that he reached a point of linguistic breakdown. This book contends that Du&#x308;rrenmau's loss of voice forced the author to a new kind of writing: a 're-turn' home. Becoming Fiction explores the damage caused by Du&#x308;rrenmatt's inability to express his most central beliefs through the outdated, deceptive modes of linguistic thought and tradition. Consequently, the book argues, at the point of that breakdown of rigid linguistic and theological concepts, a space was forced open, and the Stoffe reveal a Divine presence. Book jacket.</subfield>
    </datafield>
    <datafield tag="505" ind1="0" ind2=" ">
      <subfield code="a">Introduction: Searching for Home -- Stoffe: The Story of a Life -- Du&#x308;rrenmatt and God -- Labyrinth Turmbau. Stoffe I-IX -- Der Winterkrieg in Tibet -- Mondfinsternis: Home by Chance -- Der Rebell -- Begegnungen -- Querfahrt -- Die Bru&#x308;cke -- Das Haus -- Vinter -- Das Hirn -- Conclusion.</subfield>
    </datafield>
    <datafield tag="650" ind1=" " ind2="0">
      <subfield code="a">Atheism in literature.</subfield>
      <subfield code="0">http://id.loc.gov/authorities/subjects/sh85009112</subfield>
    </datafield>
    <datafield tag="650" ind1=" " ind2="7">
      <subfield code="a">Atheism in literature.</subfield>
      <subfield code="2">fast</subfield>
      <subfield code="0">http://id.worldcat.org/fast/819984</subfield>
    </datafield>
    <datafield tag="650" ind1="2" ind2="7">
      <subfield code="a">Criticism and interpretation.</subfield>
      <subfield code="2">fast</subfield>
      <subfield code="0">http://id.worldcat.org/fast/1198648</subfield>
    </datafield>
    <datafield tag="600" ind1="1" ind2="0">
      <subfield code="a">Du&#x308;rrenmatt, Friedrich.</subfield>
      <subfield code="t">Stoffe.</subfield>
    </datafield>
    <datafield tag="600" ind1="1" ind2="0">
      <subfield code="a">Du&#x308;rrenmatt, Friedrich</subfield>
      <subfield code="0">http://id.loc.gov/authorities/names/n79006753</subfield>
      <subfield code="x">Criticism and interpretation.</subfield>
      <subfield code="0">http://id.loc.gov/authorities/subjects/sh99005576</subfield>
    </datafield>
    <datafield tag="600" ind1="1" ind2="7">
      <subfield code="a">Du&#x308;rrenmatt, Friedrich.</subfield>
      <subfield code="2">fast</subfield>
      <subfield code="0">http://id.worldcat.org/fast/30175</subfield>
    </datafield>
    <datafield tag="830" ind1=" " ind2="0">
      <subfield code="a">Studies on themes and motifs in literature ;</subfield>
      <subfield code="v">v. 131.</subfield>
      <subfield code="0">http://id.loc.gov/authorities/names/n91037781</subfield>
    </datafield>
    <datafield tag="902" ind1=" " ind2=" ">
      <subfield code="a">MARCIVE-BF 20190703</subfield>
    </datafield>
    <datafield tag="903" ind1=" " ind2=" ">
      <subfield code="a">MARCIVE-TOC201904</subfield>
    </datafield>
    <datafield tag="904" ind1=" " ind2=" ">
      <subfield code="a">MARCIVE 20200629</subfield>
    </datafield>
    <datafield tag="907" ind1=" " ind2=" ">
      <subfield code="a">.b64145359</subfield>
      <subfield code="b">p    </subfield>
      <subfield code="c">-</subfield>
    </datafield>
    <datafield tag="945" ind1=" " ind2=" ">
      <subfield code="l">pstk </subfield>
      <subfield code="g">1</subfield>
    </datafield>
    <datafield tag="979" ind1=" " ind2=" ">
      <subfield code="a">ocn967774702</subfield>
    </datafield>
    <datafield tag="998" ind1=" " ind2=" ">
      <subfield code="b">1</subfield>
      <subfield code="c">170414</subfield>
      <subfield code="d">m</subfield>
      <subfield code="e">a</subfield>
      <subfield code="f">-</subfield>
      <subfield code="g">0</subfield>
    </datafield>
    <datafield tag="ADM" ind1=" " ind2=" ">
      <subfield code="b">2020-07-24 10:57:34</subfield>
      <subfield code="e">b64145359-01tuli_inst</subfield>
      <subfield code="d">MARCIVE</subfield>
      <subfield code="f">20190607215004.0</subfield>
      <subfield code="a">2017-06-20 06:11:34</subfield>
      <subfield code="c">false</subfield>
    </datafield>
    <datafield tag="HLD" ind1="0" ind2=" ">
      <subfield code="b">MAIN</subfield>
      <subfield code="c">stacks</subfield>
      <subfield code="h">PT2607.U493</subfield>
      <subfield code="i">S7434 2017</subfield>
      <subfield code="8">22242967080003811</subfield>
      <subfield code="created">2017-06-20 06:11:34</subfield>
    </datafield>
    <datafield tag="ITM" ind1=" " ind2=" ">
      <subfield code="r">22242967080003811</subfield>
      <subfield code="b">1</subfield>
      <subfield code="h">0</subfield>
      <subfield code="g">stacks</subfield>
      <subfield code="t">BOOK</subfield>
      <subfield code="9">39074030209878</subfield>
      <subfield code="e">stacks</subfield>
      <subfield code="8">23242967050003811</subfield>
      <subfield code="a">0</subfield>
      <subfield code="i">PT2607.U493 S7434 2017</subfield>
      <subfield code="updated">2017-06-20 06:12:14</subfield>
      <subfield code="q">2017-06-20 06:11:34</subfield>
      <subfield code="d">MAIN</subfield>
      <subfield code="f">MAIN</subfield>
    </datafield>
  </record>