
  <record>
    <leader>03973cam a2200601 a 4500</leader>
    <controlfield tag="005">20190715212434.0</controlfield>
    <controlfield tag="008">100319s2011    mdua     b    001 0 eng  </controlfield>
    <controlfield tag="001">991007807379703811</controlfield>
    <datafield tag="010" ind1=" " ind2=" ">
      <subfield code="a">2010011047</subfield>
    </datafield>
    <datafield tag="020" ind1=" " ind2=" ">
      <subfield code="a">9780801897870</subfield>
      <subfield code="q">hardback</subfield>
      <subfield code="q">alkaline paper</subfield>
    </datafield>
    <datafield tag="020" ind1=" " ind2=" ">
      <subfield code="a">0801897874</subfield>
      <subfield code="q">hardback</subfield>
      <subfield code="q">alkaline paper</subfield>
    </datafield>
    <datafield tag="035" ind1=" " ind2=" ">
      <subfield code="a">(PPT)b45516649-01tuli_inst</subfield>
    </datafield>
    <datafield tag="035" ind1=" " ind2=" ">
      <subfield code="a">(OCoLC)ocn708645665</subfield>
      <subfield code="9">ExL</subfield>
    </datafield>
    <datafield tag="035" ind1=" " ind2=" ">
      <subfield code="a">(OCoLC)569523910</subfield>
    </datafield>
    <datafield tag="035" ind1=" " ind2=" ">
      <subfield code="a">ocn569523910</subfield>
    </datafield>
    <datafield tag="035" ind1=" " ind2=" ">
      <subfield code="a">(OCLC)ocn569523910</subfield>
    </datafield>
    <datafield tag="040" ind1=" " ind2=" ">
      <subfield code="a">DLC</subfield>
      <subfield code="b">eng</subfield>
      <subfield code="c">DLC</subfield>
      <subfield code="d">YDX</subfield>
      <subfield code="d">YDXCP</subfield>
      <subfield code="d">UKM</subfield>
      <subfield code="d">CDX</subfield>
      <subfield code="d">UBY</subfield>
      <subfield code="d">COO</subfield>
      <subfield code="d">BWX</subfield>
    </datafield>
    <datafield tag="042" ind1=" " ind2=" ">
      <subfield code="a">pcc</subfield>
    </datafield>
    <datafield tag="043" ind1=" " ind2=" ">
      <subfield code="a">e-it---</subfield>
      <subfield code="a">e-sp---</subfield>
    </datafield>
    <datafield tag="049" ind1=" " ind2=" ">
      <subfield code="a">IG$A</subfield>
    </datafield>
    <datafield tag="079" ind1=" " ind2=" ">
      <subfield code="a">ocn569523910</subfield>
    </datafield>
    <datafield tag="090" ind1=" " ind2=" ">
      <subfield code="a">DG848.12</subfield>
      <subfield code="b">.M37 2011</subfield>
    </datafield>
    <datafield tag="100" ind1="1" ind2=" ">
      <subfield code="a">Marino, John A.</subfield>
      <subfield code="0">http://id.loc.gov/authorities/names/n82118704</subfield>
    </datafield>
    <datafield tag="245" ind1="1" ind2="0">
      <subfield code="a">Becoming Neapolitan :</subfield>
      <subfield code="b">citizen culture in Baroque Naples /</subfield>
      <subfield code="c">John A. Marino.</subfield>
    </datafield>
    <datafield tag="264" ind1=" " ind2="1">
      <subfield code="a">Baltimore :</subfield>
      <subfield code="b">Johns Hopkins University Press,</subfield>
      <subfield code="c">2011.</subfield>
    </datafield>
    <datafield tag="300" ind1=" " ind2=" ">
      <subfield code="a">xi, 342 pages :</subfield>
      <subfield code="b">illustrations ;</subfield>
      <subfield code="c">24 cm</subfield>
    </datafield>
    <datafield tag="336" ind1=" " ind2=" ">
      <subfield code="a">text</subfield>
      <subfield code="b">txt</subfield>
      <subfield code="2">rdacontent</subfield>
    </datafield>
    <datafield tag="337" ind1=" " ind2=" ">
      <subfield code="a">unmediated</subfield>
      <subfield code="b">n</subfield>
      <subfield code="2">rdamedia</subfield>
    </datafield>
    <datafield tag="338" ind1=" " ind2=" ">
      <subfield code="a">volume</subfield>
      <subfield code="b">nc</subfield>
      <subfield code="2">rdacarrier</subfield>
    </datafield>
    <datafield tag="504" ind1=" " ind2=" ">
      <subfield code="a">Includes bibliographical references and index.</subfield>
    </datafield>
    <datafield tag="505" ind1="0" ind2=" ">
      <subfield code="a">Introduction: Urbs et orbis -- pt. 1. Urban stratigraphy and the siren's lyre -- Myth and history : from Italy to Naples -- Ritual time and ritual space -- pt. 2. City solidarities and nodes of power -- Patronage : the Church and the heavenly city -- The rule of the games : playing court -- Allegrezza : the city rules -- Conclusion: The spectacle and the citizen.</subfield>
    </datafield>
    <datafield tag="650" ind1=" " ind2="0">
      <subfield code="a">City and town life</subfield>
      <subfield code="0">http://id.loc.gov/authorities/subjects/sh85026255</subfield>
      <subfield code="z">Italy</subfield>
      <subfield code="z">Naples</subfield>
      <subfield code="0">http://id.loc.gov/authorities/names/n79015689</subfield>
      <subfield code="x">History.</subfield>
      <subfield code="0">http://id.loc.gov/authorities/subjects/sh99005024</subfield>
    </datafield>
    <datafield tag="650" ind1=" " ind2="7">
      <subfield code="a">City and town life.</subfield>
      <subfield code="2">fast</subfield>
      <subfield code="0">http://id.worldcat.org/fast/862081</subfield>
    </datafield>
    <datafield tag="650" ind1=" " ind2="0">
      <subfield code="a">Citizenship</subfield>
      <subfield code="0">http://id.loc.gov/authorities/subjects/sh85026205</subfield>
      <subfield code="x">Social aspects</subfield>
      <subfield code="0">http://id.loc.gov/authorities/subjects/sh00002758</subfield>
      <subfield code="z">Italy</subfield>
      <subfield code="z">Naples</subfield>
      <subfield code="0">http://id.loc.gov/authorities/names/n79015689</subfield>
      <subfield code="x">History.</subfield>
      <subfield code="0">http://id.loc.gov/authorities/subjects/sh99005024</subfield>
    </datafield>
    <datafield tag="650" ind1=" " ind2="7">
      <subfield code="a">Citizenship</subfield>
      <subfield code="x">Social aspects.</subfield>
      <subfield code="2">fast</subfield>
      <subfield code="0">http://id.worldcat.org/fast/861929</subfield>
    </datafield>
    <datafield tag="650" ind1=" " ind2="0">
      <subfield code="a">Group identity</subfield>
      <subfield code="0">http://id.loc.gov/authorities/subjects/sh85057485</subfield>
      <subfield code="z">Italy</subfield>
      <subfield code="z">Naples</subfield>
      <subfield code="0">http://id.loc.gov/authorities/names/n79015689</subfield>
      <subfield code="x">History.</subfield>
      <subfield code="0">http://id.loc.gov/authorities/subjects/sh99005024</subfield>
    </datafield>
    <datafield tag="650" ind1=" " ind2="7">
      <subfield code="a">Group identity.</subfield>
      <subfield code="2">fast</subfield>
      <subfield code="0">http://id.worldcat.org/fast/948442</subfield>
    </datafield>
    <datafield tag="650" ind1=" " ind2="0">
      <subfield code="a">Rites and ceremonies</subfield>
      <subfield code="0">http://id.loc.gov/authorities/subjects/sh85114211</subfield>
      <subfield code="z">Italy</subfield>
      <subfield code="z">Naples</subfield>
      <subfield code="0">http://id.loc.gov/authorities/names/n79015689</subfield>
      <subfield code="x">History.</subfield>
      <subfield code="0">http://id.loc.gov/authorities/subjects/sh99005024</subfield>
    </datafield>
    <datafield tag="650" ind1=" " ind2="7">
      <subfield code="a">Rites and ceremonies.</subfield>
      <subfield code="2">fast</subfield>
      <subfield code="0">http://id.worldcat.org/fast/1098216</subfield>
    </datafield>
    <datafield tag="650" ind1=" " ind2="0">
      <subfield code="a">Political culture</subfield>
      <subfield code="z">Italy</subfield>
      <subfield code="0">http://id.loc.gov/authorities/subjects/sh2010107052</subfield>
      <subfield code="z">Naples</subfield>
      <subfield code="0">http://id.loc.gov/authorities/names/n79015689</subfield>
      <subfield code="x">History.</subfield>
      <subfield code="0">http://id.loc.gov/authorities/subjects/sh99005024</subfield>
    </datafield>
    <datafield tag="650" ind1=" " ind2="0">
      <subfield code="a">Popular culture</subfield>
      <subfield code="z">Italy</subfield>
      <subfield code="0">http://id.loc.gov/authorities/subjects/sh2010107519</subfield>
      <subfield code="z">Naples</subfield>
      <subfield code="0">http://id.loc.gov/authorities/names/n79015689</subfield>
      <subfield code="x">History.</subfield>
      <subfield code="0">http://id.loc.gov/authorities/subjects/sh99005024</subfield>
    </datafield>
    <datafield tag="650" ind1="2" ind2="7">
      <subfield code="a">History.</subfield>
      <subfield code="2">fast</subfield>
      <subfield code="0">http://id.worldcat.org/fast/958235</subfield>
    </datafield>
    <datafield tag="650" ind1="1" ind2="7">
      <subfield code="a">Popular culture.</subfield>
      <subfield code="2">fast</subfield>
      <subfield code="0">http://id.worldcat.org/fast/1071344</subfield>
    </datafield>
    <datafield tag="650" ind1="1" ind2="7">
      <subfield code="a">Political culture.</subfield>
      <subfield code="2">fast</subfield>
      <subfield code="0">http://id.worldcat.org/fast/1069263</subfield>
    </datafield>
    <datafield tag="650" ind1="1" ind2="7">
      <subfield code="a">Rites and ceremonies.</subfield>
      <subfield code="2">fast</subfield>
      <subfield code="0">http://id.worldcat.org/fast/1098216</subfield>
    </datafield>
    <datafield tag="650" ind1="1" ind2="7">
      <subfield code="a">Group identity.</subfield>
      <subfield code="2">fast</subfield>
      <subfield code="0">http://id.worldcat.org/fast/948442</subfield>
    </datafield>
    <datafield tag="650" ind1="1" ind2="7">
      <subfield code="a">Citizenship</subfield>
      <subfield code="x">Social aspects.</subfield>
      <subfield code="2">fast</subfield>
      <subfield code="0">http://id.worldcat.org/fast/861929</subfield>
    </datafield>
    <datafield tag="650" ind1=" " ind2="7">
      <subfield code="a">Citizenship.</subfield>
      <subfield code="2">fast</subfield>
      <subfield code="0">http://id.worldcat.org/fast/861909</subfield>
    </datafield>
    <datafield tag="650" ind1="1" ind2="7">
      <subfield code="a">City and town life.</subfield>
      <subfield code="2">fast</subfield>
      <subfield code="0">http://id.worldcat.org/fast/862081</subfield>
    </datafield>
    <datafield tag="651" ind1=" " ind2="0">
      <subfield code="a">Naples (Italy)</subfield>
      <subfield code="x">History</subfield>
      <subfield code="y">1503-1734.</subfield>
      <subfield code="0">http://id.loc.gov/authorities/subjects/sh85089723</subfield>
    </datafield>
    <datafield tag="651" ind1=" " ind2="0">
      <subfield code="a">Naples (Italy)</subfield>
      <subfield code="x">Social life and customs.</subfield>
      <subfield code="0">http://id.loc.gov/authorities/names/n79015689</subfield>
      <subfield code="0">http://id.loc.gov/authorities/subjects/sh2001008851</subfield>
    </datafield>
    <datafield tag="651" ind1=" " ind2="7">
      <subfield code="a">Italy</subfield>
      <subfield code="z">Naples.</subfield>
      <subfield code="2">fast</subfield>
      <subfield code="0">http://id.worldcat.org/fast/1204441</subfield>
    </datafield>
    <datafield tag="651" ind1=" " ind2="0">
      <subfield code="a">Naples (Italy)</subfield>
      <subfield code="x">Ethnic relations.</subfield>
      <subfield code="0">http://id.loc.gov/authorities/names/n79015689</subfield>
      <subfield code="0">http://id.loc.gov/authorities/subjects/sh00005646</subfield>
    </datafield>
    <datafield tag="651" ind1=" " ind2="0">
      <subfield code="a">Naples (Kingdom)</subfield>
      <subfield code="x">History</subfield>
      <subfield code="y">Spanish rule, 1442-1707.</subfield>
      <subfield code="0">http://id.loc.gov/authorities/subjects/sh85089738</subfield>
    </datafield>
    <datafield tag="651" ind1="1" ind2="7">
      <subfield code="a">Naples (Kingdom)</subfield>
      <subfield code="2">fast</subfield>
      <subfield code="0">http://id.worldcat.org/fast/1205419</subfield>
    </datafield>
    <datafield tag="651" ind1="2" ind2="7">
      <subfield code="a">Italy</subfield>
      <subfield code="z">Naples.</subfield>
      <subfield code="2">fast</subfield>
      <subfield code="0">http://id.worldcat.org/fast/1204441</subfield>
    </datafield>
    <datafield tag="648" ind1=" " ind2="7">
      <subfield code="a">Spanish rule, 1442-1707.</subfield>
      <subfield code="2">fast</subfield>
    </datafield>
    <datafield tag="902" ind1=" " ind2=" ">
      <subfield code="a">111007</subfield>
    </datafield>
    <datafield tag="902" ind1=" " ind2=" ">
      <subfield code="a">MARCIVE-BF 20190703</subfield>
    </datafield>
    <datafield tag="904" ind1=" " ind2=" ">
      <subfield code="a">MARCIVE 20200629</subfield>
    </datafield>
    <datafield tag="907" ind1=" " ind2=" ">
      <subfield code="a">.b45516649</subfield>
      <subfield code="b">p    </subfield>
      <subfield code="c">-</subfield>
    </datafield>
    <datafield tag="945" ind1=" " ind2=" ">
      <subfield code="l">pstk </subfield>
      <subfield code="g">1</subfield>
    </datafield>
    <datafield tag="979" ind1=" " ind2=" ">
      <subfield code="a">ocn569523910</subfield>
    </datafield>
    <datafield tag="998" ind1=" " ind2=" ">
      <subfield code="b">1</subfield>
      <subfield code="c">110308</subfield>
      <subfield code="d">m</subfield>
      <subfield code="e">a</subfield>
      <subfield code="f">-</subfield>
      <subfield code="g">0</subfield>
    </datafield>
    <datafield tag="ADM" ind1=" " ind2=" ">
      <subfield code="b">2020-09-19 12:13:44</subfield>
      <subfield code="e">b45516649-01tuli_inst</subfield>
      <subfield code="d">MARCIVE</subfield>
      <subfield code="f">20190608034851.0</subfield>
      <subfield code="a">2017-06-20 08:49:51</subfield>
      <subfield code="c">false</subfield>
    </datafield>
    <datafield tag="HLD" ind1="0" ind2=" ">
      <subfield code="b">ASRS</subfield>
      <subfield code="c">ASRS</subfield>
      <subfield code="h"> DG848.12 </subfield>
      <subfield code="i"> .M37 2011 </subfield>
      <subfield code="8">22461431720003811</subfield>
      <subfield code="updated">2019-04-26 20:42:50</subfield>
      <subfield code="created">2019-04-26 20:42:46</subfield>
    </datafield>
    <datafield tag="ITM" ind1=" " ind2=" ">
      <subfield code="r">22461431720003811</subfield>
      <subfield code="b">1</subfield>
      <subfield code="h">0</subfield>
      <subfield code="g">ASRS</subfield>
      <subfield code="t">BOOK</subfield>
      <subfield code="9">39074026263376</subfield>
      <subfield code="e">ASRS</subfield>
      <subfield code="8">23287212850003811</subfield>
      <subfield code="a">0</subfield>
      <subfield code="i">DG848.12 .M37 2011</subfield>
      <subfield code="updated">2019-04-26 20:43:13</subfield>
      <subfield code="q">2017-06-20 08:49:51</subfield>
      <subfield code="d">ASRS</subfield>
      <subfield code="f">ASRS</subfield>
    </datafield>
  </record>