
  <record>
    <leader>03681pam a2200505 i 4500</leader>
    <controlfield tag="005">20190715213907.0</controlfield>
    <controlfield tag="008">150109s2015    mdu      b    000 0 eng  </controlfield>
    <controlfield tag="001">991010293839703811</controlfield>
    <datafield tag="010" ind1=" " ind2=" ">
      <subfield code="a">2014044528</subfield>
    </datafield>
    <datafield tag="020" ind1=" " ind2=" ">
      <subfield code="a">9781475809152</subfield>
      <subfield code="q">(cloth)</subfield>
      <subfield code="q">(alkaline paper)</subfield>
    </datafield>
    <datafield tag="020" ind1=" " ind2=" ">
      <subfield code="a">1475809158</subfield>
      <subfield code="q">(cloth)</subfield>
      <subfield code="q">(alkaline paper)</subfield>
    </datafield>
    <datafield tag="020" ind1=" " ind2=" ">
      <subfield code="a">9781475809169</subfield>
      <subfield code="q">(paperback)</subfield>
      <subfield code="q">(alkaline paper)</subfield>
    </datafield>
    <datafield tag="020" ind1=" " ind2=" ">
      <subfield code="a">1475809166</subfield>
      <subfield code="q">(paperback)</subfield>
      <subfield code="q">(alkaline paper)</subfield>
    </datafield>
    <datafield tag="020" ind1=" " ind2=" ">
      <subfield code="z">9781475809176</subfield>
      <subfield code="q">(electronic)</subfield>
    </datafield>
    <datafield tag="035" ind1=" " ind2=" ">
      <subfield code="a">(PPT)b57934186-01tuli_inst</subfield>
    </datafield>
    <datafield tag="035" ind1=" " ind2=" ">
      <subfield code="a">(OCoLC)ocn910910527</subfield>
      <subfield code="9">ExL</subfield>
    </datafield>
    <datafield tag="035" ind1=" " ind2=" ">
      <subfield code="a">(OCoLC)894625658</subfield>
    </datafield>
    <datafield tag="035" ind1=" " ind2=" ">
      <subfield code="a">ocn894625658</subfield>
    </datafield>
    <datafield tag="035" ind1=" " ind2=" ">
      <subfield code="a">(OCLC)ocn894625658</subfield>
    </datafield>
    <datafield tag="040" ind1=" " ind2=" ">
      <subfield code="a">DLC</subfield>
      <subfield code="b">eng</subfield>
      <subfield code="e">rda</subfield>
      <subfield code="c">DLC</subfield>
      <subfield code="d">YDXCP</subfield>
      <subfield code="d">BTCTA</subfield>
      <subfield code="d">BDX</subfield>
      <subfield code="d">OCLCO</subfield>
      <subfield code="d">IAD</subfield>
      <subfield code="d">OCLCF</subfield>
    </datafield>
    <datafield tag="042" ind1=" " ind2=" ">
      <subfield code="a">pcc</subfield>
    </datafield>
    <datafield tag="043" ind1=" " ind2=" ">
      <subfield code="a">n-us---</subfield>
    </datafield>
    <datafield tag="079" ind1=" " ind2=" ">
      <subfield code="a">ocn894625658</subfield>
    </datafield>
    <datafield tag="090" ind1=" " ind2=" ">
      <subfield code="a">LB1775.2</subfield>
      <subfield code="b">.I35 2015</subfield>
    </datafield>
    <datafield tag="100" ind1="1" ind2=" ">
      <subfield code="a">Iding, Marie K.,</subfield>
      <subfield code="d">1957-</subfield>
      <subfield code="0">http://id.loc.gov/authorities/names/n2011066916</subfield>
      <subfield code="e">author.</subfield>
    </datafield>
    <datafield tag="245" ind1="1" ind2="0">
      <subfield code="a">Becoming a professor :</subfield>
      <subfield code="b">a guide to a career in higher education /</subfield>
      <subfield code="c">Marie Iding and R. Murray Thomas.</subfield>
    </datafield>
    <datafield tag="264" ind1=" " ind2="1">
      <subfield code="a">Lanham :</subfield>
      <subfield code="b">Rowman &amp; Littlefield,</subfield>
      <subfield code="c">[2015]</subfield>
    </datafield>
    <datafield tag="300" ind1=" " ind2=" ">
      <subfield code="a">ix, 185 pages ;</subfield>
      <subfield code="c">23 cm</subfield>
    </datafield>
    <datafield tag="336" ind1=" " ind2=" ">
      <subfield code="a">text</subfield>
      <subfield code="2">rdacontent</subfield>
    </datafield>
    <datafield tag="337" ind1=" " ind2=" ">
      <subfield code="a">unmediated</subfield>
      <subfield code="2">rdamedia</subfield>
    </datafield>
    <datafield tag="338" ind1=" " ind2=" ">
      <subfield code="a">volume</subfield>
      <subfield code="2">rdacarrier</subfield>
    </datafield>
    <datafield tag="504" ind1=" " ind2=" ">
      <subfield code="a">Includes bibliographical references (pages 179-183).</subfield>
    </datafield>
    <datafield tag="520" ind1=" " ind2=" ">
      <subfield code="a">Becoming a Professor: A Guide to a Career in Higher Education is designed primarily for graduate and undergraduate students-and instructors, lecturers, and new tenure-track professors-contemplating careers as professors in post-secondary education at colleges, institutes, and universities. This book identifies the kinds of higher education institutions and the types of teaching positions along with the nature of each position's responsibilities and advantages and disadvantages. It explains how graduate students can promote their future as faculty members while they are still in graduate school and suggests ways to find suitable faculty positions and succeed in the application and interview process. This book also addresses a range of other matters that influence careers in higher education once a candidate is hired in a faculty position-such matters as the tenure and promotion process and how to succeed in other aspects of the professorial role (research, service, teaching), and as well as how to avoid pitfalls (political and ethical aspects) in such positions. Book jacket.</subfield>
    </datafield>
    <datafield tag="505" ind1="0" ind2=" ">
      <subfield code="a">Higher Education's Significant Contexts -- Preparing to Become a Professor -- Types of Higher Education Institutions -- Types of Teaching Positions -- Profiting from Graduate School -- Search Committees, CVs, Interviews, and Job Talk -- On-the-Job: Research/Creativity, Teaching, and Service Roles -- Publishing, Performing, and Products -- Teaching -- Service Obligations -- Influential Issues -- Ethical and Legal Concerns -- Professorial Politics -- Promotion and Tenure -- Postscript -- The Future: Careers in Higher Education.</subfield>
    </datafield>
    <datafield tag="650" ind1=" " ind2="0">
      <subfield code="a">College teachers</subfield>
      <subfield code="0">http://id.loc.gov/authorities/subjects/sh85028378</subfield>
      <subfield code="x">Vocational guidance</subfield>
      <subfield code="0">http://id.loc.gov/authorities/subjects/sh2002006455</subfield>
      <subfield code="z">United States.</subfield>
      <subfield code="0">http://id.loc.gov/authorities/names/n78095330</subfield>
    </datafield>
    <datafield tag="650" ind1=" " ind2="7">
      <subfield code="a">College teachers</subfield>
      <subfield code="x">Vocational guidance.</subfield>
      <subfield code="2">fast</subfield>
      <subfield code="0">http://id.worldcat.org/fast/868181</subfield>
    </datafield>
    <datafield tag="650" ind1="1" ind2="7">
      <subfield code="a">College teachers</subfield>
      <subfield code="x">Vocational guidance.</subfield>
      <subfield code="2">fast</subfield>
      <subfield code="0">http://id.worldcat.org/fast/868181</subfield>
    </datafield>
    <datafield tag="650" ind1=" " ind2="7">
      <subfield code="a">College teachers.</subfield>
      <subfield code="2">fast</subfield>
      <subfield code="0">http://id.worldcat.org/fast/868114</subfield>
    </datafield>
    <datafield tag="651" ind1=" " ind2="7">
      <subfield code="a">United States.</subfield>
      <subfield code="2">fast</subfield>
      <subfield code="0">http://id.worldcat.org/fast/1204155</subfield>
    </datafield>
    <datafield tag="651" ind1="2" ind2="7">
      <subfield code="a">United States.</subfield>
      <subfield code="2">fast</subfield>
      <subfield code="0">http://id.worldcat.org/fast/1204155</subfield>
    </datafield>
    <datafield tag="700" ind1="1" ind2=" ">
      <subfield code="a">Thomas, R. Murray</subfield>
      <subfield code="q">(Robert Murray),</subfield>
      <subfield code="d">1921-</subfield>
      <subfield code="0">http://id.loc.gov/authorities/names/n50012838</subfield>
      <subfield code="e">author.</subfield>
    </datafield>
    <datafield tag="902" ind1=" " ind2=" ">
      <subfield code="a">MARCIVE-BF 20190703</subfield>
    </datafield>
    <datafield tag="903" ind1=" " ind2=" ">
      <subfield code="a">MARCIVE-TOC201904</subfield>
    </datafield>
    <datafield tag="904" ind1=" " ind2=" ">
      <subfield code="a">MARCIVE 20200629</subfield>
    </datafield>
    <datafield tag="907" ind1=" " ind2=" ">
      <subfield code="a">.b57934186</subfield>
      <subfield code="b">p    </subfield>
      <subfield code="c">-</subfield>
    </datafield>
    <datafield tag="945" ind1=" " ind2=" ">
      <subfield code="l">pstk </subfield>
      <subfield code="g">1</subfield>
    </datafield>
    <datafield tag="979" ind1=" " ind2=" ">
      <subfield code="a">ocn894625658</subfield>
    </datafield>
    <datafield tag="998" ind1=" " ind2=" ">
      <subfield code="b">1</subfield>
      <subfield code="c">150519</subfield>
      <subfield code="d">m</subfield>
      <subfield code="e">a</subfield>
      <subfield code="f">-</subfield>
      <subfield code="g">0</subfield>
    </datafield>
    <datafield tag="ADM" ind1=" " ind2=" ">
      <subfield code="b">2020-09-08 23:26:51</subfield>
      <subfield code="e">b57934186-01tuli_inst</subfield>
      <subfield code="d">MARCIVE</subfield>
      <subfield code="f">20190607184251.0</subfield>
      <subfield code="a">2017-06-20 12:28:29</subfield>
      <subfield code="c">false</subfield>
    </datafield>
    <datafield tag="HLD" ind1="0" ind2=" ">
      <subfield code="b">MAIN</subfield>
      <subfield code="c">stacks</subfield>
      <subfield code="h">LB1775.2</subfield>
      <subfield code="i">.I35 2015</subfield>
      <subfield code="8">22318430770003811</subfield>
      <subfield code="created">2017-06-20 12:28:29</subfield>
    </datafield>
    <datafield tag="ITM" ind1=" " ind2=" ">
      <subfield code="r">22318430770003811</subfield>
      <subfield code="b">0</subfield>
      <subfield code="h">0</subfield>
      <subfield code="g">stacks</subfield>
      <subfield code="t">BOOK</subfield>
      <subfield code="9">39074028779528</subfield>
      <subfield code="e">stacks</subfield>
      <subfield code="8">23318430760003811</subfield>
      <subfield code="a">0</subfield>
      <subfield code="i">LB1775.2 .I35 2015</subfield>
      <subfield code="updated">2017-07-02 13:25:49</subfield>
      <subfield code="u">LOAN</subfield>
      <subfield code="q">2017-06-20 12:28:29</subfield>
      <subfield code="d">MAIN</subfield>
      <subfield code="f">MAIN</subfield>
    </datafield>
  </record>