
  <record>
    <leader>03857cam a2200469 i 4500</leader>
    <controlfield tag="005">20200206112619.0</controlfield>
    <controlfield tag="008">190321t20192019paua     b    001 0 eng d</controlfield>
    <controlfield tag="001">991037344976003811</controlfield>
    <datafield tag="019" ind1=" " ind2=" ">
      <subfield code="a">1125323981</subfield>
    </datafield>
    <datafield tag="020" ind1=" " ind2=" ">
      <subfield code="a">0822945908</subfield>
      <subfield code="q">(hardcover)</subfield>
    </datafield>
    <datafield tag="020" ind1=" " ind2=" ">
      <subfield code="a">9780822945901</subfield>
      <subfield code="q">(hardcover)</subfield>
    </datafield>
    <datafield tag="035" ind1=" " ind2=" ">
      <subfield code="a">(OCoLC)1090176292</subfield>
    </datafield>
    <datafield tag="040" ind1=" " ind2=" ">
      <subfield code="a">YDX</subfield>
      <subfield code="b">eng</subfield>
      <subfield code="e">rda</subfield>
      <subfield code="c">YDX</subfield>
      <subfield code="d">BDX</subfield>
      <subfield code="d">JBL</subfield>
      <subfield code="d">OCLCF</subfield>
      <subfield code="d">YDXIT</subfield>
      <subfield code="d">JQM</subfield>
    </datafield>
    <datafield tag="050" ind1=" " ind2="4">
      <subfield code="a">PN1992.77.M5773</subfield>
      <subfield code="b">K53 2019</subfield>
    </datafield>
    <datafield tag="082" ind1="0" ind2="4">
      <subfield code="a">791.4572</subfield>
      <subfield code="2">23</subfield>
    </datafield>
    <datafield tag="100" ind1="1" ind2=" ">
      <subfield code="a">Klare&#x301;n, Alexandra C.</subfield>
      <subfield code="e">author.</subfield>
      <subfield code="0">http://id.loc.gov/authorities/names/no2019182115</subfield>
    </datafield>
    <datafield tag="245" ind1="1" ind2="0">
      <subfield code="a">On becoming neighbors :</subfield>
      <subfield code="b">the communication ethics of Fred Rogers /</subfield>
      <subfield code="c">Alexandra C. Klare&#x301;n.</subfield>
    </datafield>
    <datafield tag="246" ind1="3" ind2="0">
      <subfield code="a">Communication ethics of Fred Rogers</subfield>
    </datafield>
    <datafield tag="264" ind1=" " ind2="1">
      <subfield code="a">Pittsburgh, Pa. :</subfield>
      <subfield code="b">University of Pittsburgh Press,</subfield>
      <subfield code="c">[2019]</subfield>
    </datafield>
    <datafield tag="264" ind1=" " ind2="4">
      <subfield code="c">&#xA9;2019</subfield>
    </datafield>
    <datafield tag="300" ind1=" " ind2=" ">
      <subfield code="a">xi, 332 pages :</subfield>
      <subfield code="b">illustrations ;</subfield>
      <subfield code="c">22 cm</subfield>
    </datafield>
    <datafield tag="336" ind1=" " ind2=" ">
      <subfield code="a">text</subfield>
      <subfield code="b">txt</subfield>
      <subfield code="2">rdacontent</subfield>
    </datafield>
    <datafield tag="336" ind1=" " ind2=" ">
      <subfield code="a">still image</subfield>
      <subfield code="b">sti</subfield>
      <subfield code="2">rdacontent</subfield>
    </datafield>
    <datafield tag="337" ind1=" " ind2=" ">
      <subfield code="a">unmediated</subfield>
      <subfield code="b">n</subfield>
      <subfield code="2">rdamedia</subfield>
    </datafield>
    <datafield tag="338" ind1=" " ind2=" ">
      <subfield code="a">volume</subfield>
      <subfield code="b">nc</subfield>
      <subfield code="2">rdacarrier</subfield>
    </datafield>
    <datafield tag="504" ind1=" " ind2=" ">
      <subfield code="a">Includes bibliographical references (pages 309-324) and index.</subfield>
    </datafield>
    <datafield tag="505" ind1="0" ind2=" ">
      <subfield code="a">Situating Rogers's vision: a sociocultural framing -- Creating the dialogic: Christianity, child development, and the parasocial -- Inside Mister Rogers' neighborhood: objects, play, and the cultural dialectic -- "Won't you be my neighbor?": intergenerational dialogics in Neighborhood viewer mail -- Conclusion -- Notes -- Bibliography.</subfield>
    </datafield>
    <datafield tag="520" ind1=" " ind2=" ">
      <subfield code="a">"A cultural, ethical, &amp; rhetorical study of Mister Rogers' Neighborhood"--Page 4 of dust jacket.</subfield>
    </datafield>
    <datafield tag="520" ind1=" " ind2=" ">
      <subfield code="a">Fred Rogers is an American cultural and media icon, whose children's television program, Mister Rogers' Neighborhood, ran for more than thirty years (1967-2001) on the Public Broadcasting System. In this highly original book, communication scholar Alexandra C. Klare&#x301;n shows how Rogers captured the moral, social, and emotional imaginations of multiple generations of Americans. She explores the nuanced complexity of the thought behind the man and the program, the dialogical integration of his various influences, and the intentional ethic of care behind the creation of a program that spoke to the affective, cultural, and educational needs of children (and adults) during a period of cultural and political upheaval. Richly informed by newly available archival materials, On Becoming Neighbors chronicles the evolution of Rogers' thought on television, children, pedagogy, and the family through a rhetorical, cultural, and ethical lens. Klare&#x301;n probes how Rogers creates the conditions for dialogue in which participants explore possibilities and questions relating to the social and material world.  --</subfield>
      <subfield code="c">Publisher's description.</subfield>
    </datafield>
    <datafield tag="541" ind1=" " ind2=" ">
      <subfield code="a">Frey, Dennee J. ;</subfield>
      <subfield code="c">Gift ;</subfield>
      <subfield code="d">2020</subfield>
    </datafield>
    <datafield tag="650" ind1=" " ind2="0">
      <subfield code="a">Television and children.</subfield>
      <subfield code="0">http://id.loc.gov/authorities/subjects/sh85133486</subfield>
    </datafield>
    <datafield tag="650" ind1=" " ind2="7">
      <subfield code="a">Television and children.</subfield>
      <subfield code="2">fast</subfield>
      <subfield code="0">http://id.worldcat.org/fast/1146676</subfield>
    </datafield>
    <datafield tag="650" ind1=" " ind2="7">
      <subfield code="a">Social aspects.</subfield>
      <subfield code="2">fast</subfield>
      <subfield code="0">http://id.worldcat.org/fast/1354981</subfield>
    </datafield>
    <datafield tag="650" ind1="2" ind2="7">
      <subfield code="a">Social aspects.</subfield>
      <subfield code="2">fast</subfield>
      <subfield code="0">http://id.worldcat.org/fast/1354981</subfield>
    </datafield>
    <datafield tag="630" ind1="0" ind2="0">
      <subfield code="a">Mister Rogers' neighborhood (Television program)</subfield>
      <subfield code="0">http://id.loc.gov/authorities/names/n83187385</subfield>
      <subfield code="x">Social aspects.</subfield>
      <subfield code="0">http://id.loc.gov/authorities/subjects/sh00002758</subfield>
    </datafield>
    <datafield tag="630" ind1="0" ind2="7">
      <subfield code="a">Mister Rogers' neighborhood (Television program)</subfield>
      <subfield code="2">fast</subfield>
      <subfield code="0">http://id.worldcat.org/fast/1363200</subfield>
    </datafield>
    <datafield tag="630" ind1="0" ind2="0">
      <subfield code="a">Mister Rogers' neighborhood (Television program)</subfield>
      <subfield code="0">http://id.loc.gov/authorities/names/n83187385</subfield>
      <subfield code="x">History and criticism.</subfield>
      <subfield code="0">http://id.loc.gov/authorities/subjects/sh99001187</subfield>
    </datafield>
    <datafield tag="630" ind1=" " ind2="7">
      <subfield code="a">Mister Rogers' neighborhood (Television program)</subfield>
      <subfield code="2">fast</subfield>
      <subfield code="0">http://id.worldcat.org/fast/1363200</subfield>
    </datafield>
    <datafield tag="655" ind1=" " ind2="7">
      <subfield code="a">Criticism, interpretation, etc.</subfield>
      <subfield code="2">fast</subfield>
      <subfield code="0">http://id.worldcat.org/fast/1411635</subfield>
    </datafield>
    <datafield tag="904" ind1=" " ind2=" ">
      <subfield code="a">MARCIVE 20200629</subfield>
    </datafield>
    <datafield tag="945" ind1=" " ind2="1">
      <subfield code="i">39074031816812</subfield>
      <subfield code="k">MAIN</subfield>
      <subfield code="l">NEWBOOKS</subfield>
      <subfield code="a">PN1992.77.M5773</subfield>
      <subfield code="b">K53 2019</subfield>
      <subfield code="z">090</subfield>
    </datafield>
    <datafield tag="979" ind1=" " ind2=" ">
      <subfield code="a">(OCoLC)1090176292</subfield>
    </datafield>
    <datafield tag="997" ind1=" " ind2=" ">
      <subfield code="a">20200122</subfield>
      <subfield code="d">TEU</subfield>
      <subfield code="c">COUTTS-SR</subfield>
      <subfield code="e">WCAT</subfield>
    </datafield>
    <datafield tag="ADM" ind1=" " ind2=" ">
      <subfield code="b">2020-07-24 12:54:11</subfield>
      <subfield code="e">on1090176292</subfield>
      <subfield code="d">MARCIVE</subfield>
      <subfield code="f">20200206112619.0</subfield>
      <subfield code="a">2020-01-02 15:26:02</subfield>
      <subfield code="c">false</subfield>
    </datafield>
    <datafield tag="HLD" ind1="0" ind2=" ">
      <subfield code="b">MAIN</subfield>
      <subfield code="c">stacks</subfield>
      <subfield code="h">PN1992.77.M5773</subfield>
      <subfield code="i">K53 2019</subfield>
      <subfield code="8">22497278600003811</subfield>
      <subfield code="updated">2020-03-10 16:54:56</subfield>
      <subfield code="created">2020-03-10 16:54:56</subfield>
    </datafield>
    <datafield tag="ITM" ind1=" " ind2=" ">
      <subfield code="r">22497278600003811</subfield>
      <subfield code="b">0</subfield>
      <subfield code="h">0</subfield>
      <subfield code="g">IN_RS_REQ</subfield>
      <subfield code="t">BOOK</subfield>
      <subfield code="9">39074031816812</subfield>
      <subfield code="e">stacks</subfield>
      <subfield code="l">0</subfield>
      <subfield code="8">23481284940003811</subfield>
      <subfield code="a">0</subfield>
      <subfield code="i">PN1992.77.M5773 K53 2019</subfield>
      <subfield code="updated">2020-09-22 14:46:41</subfield>
      <subfield code="u">ILL</subfield>
      <subfield code="q">2020-01-02 15:29:30</subfield>
      <subfield code="d">MAIN</subfield>
      <subfield code="p">2021-01-13 04:59:00</subfield>
      <subfield code="f">RES_SHARE</subfield>
    </datafield>
  </record>