
  <record>
    <leader>01817nam a22004813i 4500</leader>
    <controlfield tag="005">20180315145436.0</controlfield>
    <controlfield tag="006">m        d        </controlfield>
    <controlfield tag="007">cr||n|||||||||</controlfield>
    <controlfield tag="008">150717t20162016mnua    ob   s001 0 eng d</controlfield>
    <controlfield tag="001">991019850649703811</controlfield>
    <datafield tag="020" ind1=" " ind2=" ">
      <subfield code="a">9780816696970</subfield>
      <subfield code="q">(hardback)</subfield>
    </datafield>
    <datafield tag="020" ind1=" " ind2=" ">
      <subfield code="a">0816696977</subfield>
      <subfield code="q">(hardback)</subfield>
    </datafield>
    <datafield tag="020" ind1=" " ind2=" ">
      <subfield code="a">9780816696987</subfield>
      <subfield code="q">(paperback)</subfield>
    </datafield>
    <datafield tag="020" ind1=" " ind2=" ">
      <subfield code="a">0816696985</subfield>
      <subfield code="q">(paperback)</subfield>
    </datafield>
    <datafield tag="020" ind1=" " ind2=" ">
      <subfield code="a">9781452944944 (MyiLibrary)</subfield>
    </datafield>
    <datafield tag="020" ind1=" " ind2=" ">
      <subfield code="a">1452944946</subfield>
    </datafield>
    <datafield tag="020" ind1=" " ind2=" ">
      <subfield code="a">9781452944944</subfield>
    </datafield>
    <datafield tag="035" ind1=" " ind2=" ">
      <subfield code="a">(PPT)b60720499-01tuli_inst</subfield>
    </datafield>
    <datafield tag="035" ind1=" " ind2=" ">
      <subfield code="a">(CaONFJC)cis33322639</subfield>
      <subfield code="9">ExL</subfield>
    </datafield>
    <datafield tag="035" ind1=" " ind2=" ">
      <subfield code="a">(OCoLC)0930993313</subfield>
    </datafield>
    <datafield tag="037" ind1=" " ind2=" ">
      <subfield code="a">876927</subfield>
      <subfield code="b">MIL</subfield>
    </datafield>
    <datafield tag="040" ind1=" " ind2=" ">
      <subfield code="a">CaONFJC</subfield>
      <subfield code="e">rda</subfield>
      <subfield code="c">CaONFJC</subfield>
    </datafield>
    <datafield tag="090" ind1=" " ind2=" ">
      <subfield code="a">NX180.H57</subfield>
      <subfield code="b">B59 2016eb</subfield>
    </datafield>
    <datafield tag="100" ind1="1" ind2=" ">
      <subfield code="a">Blocker, Jane,</subfield>
      <subfield code="e">author.</subfield>
    </datafield>
    <datafield tag="245" ind1="1" ind2="0">
      <subfield code="a">Becoming past</subfield>
      <subfield code="h">[electronic resource] :</subfield>
      <subfield code="b">history in contemporary art /</subfield>
      <subfield code="c">Jane Blocker.</subfield>
    </datafield>
    <datafield tag="264" ind1=" " ind2="1">
      <subfield code="a">Minneapolis :</subfield>
      <subfield code="b">University of Minnesota Press,</subfield>
      <subfield code="c">[2016]</subfield>
    </datafield>
    <datafield tag="264" ind1=" " ind2="4">
      <subfield code="c">&#xA9;2016</subfield>
    </datafield>
    <datafield tag="300" ind1=" " ind2=" ">
      <subfield code="a">1 online resource (236 pages) :</subfield>
      <subfield code="b">illustrations</subfield>
    </datafield>
    <datafield tag="336" ind1=" " ind2=" ">
      <subfield code="a">text</subfield>
      <subfield code="b">txt</subfield>
      <subfield code="2">rdacontent</subfield>
    </datafield>
    <datafield tag="337" ind1=" " ind2=" ">
      <subfield code="a">computer</subfield>
      <subfield code="b">c</subfield>
      <subfield code="2">rdamedia</subfield>
    </datafield>
    <datafield tag="338" ind1=" " ind2=" ">
      <subfield code="a">online resource</subfield>
      <subfield code="b">cr</subfield>
      <subfield code="2">rdacarrier</subfield>
    </datafield>
    <datafield tag="504" ind1=" " ind2=" ">
      <subfield code="a">Includes bibliographical references (pages 219-228) and index.</subfield>
    </datafield>
    <datafield tag="588" ind1=" " ind2=" ">
      <subfield code="a">Description based on print version record.</subfield>
    </datafield>
    <datafield tag="590" ind1=" " ind2=" ">
      <subfield code="a">Access is available to the Temple Community through use of a networked computer with a Temple IP address.</subfield>
    </datafield>
    <datafield tag="650" ind1=" " ind2="0">
      <subfield code="a">Arts and history.</subfield>
    </datafield>
    <datafield tag="650" ind1=" " ind2="0">
      <subfield code="a">Arts, Modern</subfield>
      <subfield code="y">20th century</subfield>
      <subfield code="x">Themes, motives.</subfield>
    </datafield>
    <datafield tag="650" ind1=" " ind2="0">
      <subfield code="a">Arts, Modern</subfield>
      <subfield code="y">21st century</subfield>
      <subfield code="x">Themes, motives.</subfield>
    </datafield>
    <datafield tag="655" ind1=" " ind2="0">
      <subfield code="a">Electronic books.</subfield>
    </datafield>
    <datafield tag="710" ind1="2" ind2=" ">
      <subfield code="a">MyiLibrary.</subfield>
    </datafield>
    <datafield tag="856" ind1="4" ind2="0">
      <subfield code="u">http://libproxy.temple.edu/login?url=http://lib.myilibrary.com/detail.asp?ID=876927</subfield>
      <subfield code="z">Connect to MyiLibrary resource.</subfield>
    </datafield>
    <datafield tag="907" ind1=" " ind2=" ">
      <subfield code="a">.b60720499</subfield>
      <subfield code="b">w    </subfield>
      <subfield code="c">-</subfield>
    </datafield>
    <datafield tag="945" ind1=" " ind2=" ">
      <subfield code="l">w    </subfield>
      <subfield code="g">1</subfield>
    </datafield>
    <datafield tag="998" ind1=" " ind2=" ">
      <subfield code="b">2</subfield>
      <subfield code="c">160629</subfield>
      <subfield code="d">m</subfield>
      <subfield code="e">@</subfield>
      <subfield code="f">-</subfield>
      <subfield code="g">0</subfield>
    </datafield>
    <datafield tag="ADM" ind1=" " ind2=" ">
      <subfield code="b">2020-02-13 14:48:48</subfield>
      <subfield code="e">b60720499-01tuli_inst</subfield>
      <subfield code="d">ILS</subfield>
      <subfield code="a">2017-06-20 06:33:46</subfield>
      <subfield code="c">false</subfield>
    </datafield>
    <datafield tag="PRT" ind1=" " ind2=" ">
      <subfield code="updated">2017-09-21 16:54:38</subfield>
      <subfield code="i">61400924510003811</subfield>
      <subfield code="d">MAIN</subfield>
      <subfield code="c">MyiLibrary</subfield>
      <subfield code="created">2017-06-22 12:12:35</subfield>
      <subfield code="j">62400924500003811</subfield>
      <subfield code="a">53382524250003811</subfield>
      <subfield code="b">https://sandbox01-na.alma.exlibrisgroup.com/view/uresolver/01TULI_INST/openurl?u.ignore_date_coverage=true&amp;rft.mms_id=991019850649703811</subfield>
      <subfield code="f">Connect to MyiLibrary resource.</subfield>
      <subfield code="9">Available</subfield>
      <subfield code="8">53382524250003811</subfield>
    </datafield>
  </record>