
  <record>
    <leader>01751nam  2200433 i 4500</leader>
    <controlfield tag="005">20200617162821.0</controlfield>
    <controlfield tag="006">m     o  d |      </controlfield>
    <controlfield tag="007">cr cnu||||||||</controlfield>
    <controlfield tag="008">200302s2019    enk     ob    000 0 eng d</controlfield>
    <controlfield tag="001">991037532806403811</controlfield>
    <datafield tag="020" ind1=" " ind2=" ">
      <subfield code="a">9781786605726</subfield>
    </datafield>
    <datafield tag="020" ind1=" " ind2=" ">
      <subfield code="a">9781786605733 (Proquest Ebook Central)</subfield>
    </datafield>
    <datafield tag="020" ind1=" " ind2=" ">
      <subfield code="a">1786605732</subfield>
    </datafield>
    <datafield tag="020" ind1=" " ind2=" ">
      <subfield code="a">9781786605733</subfield>
    </datafield>
    <datafield tag="035" ind1=" " ind2=" ">
      <subfield code="a">(MiAaPQ)EBC5892122</subfield>
    </datafield>
    <datafield tag="035" ind1=" " ind2=" ">
      <subfield code="a">(OCoLC)1117708676</subfield>
    </datafield>
    <datafield tag="035" ind1=" " ind2=" ">
      <subfield code="a">(CaONFJC)EBC5892122</subfield>
    </datafield>
    <datafield tag="037" ind1=" " ind2=" ">
      <subfield code="a">5892122</subfield>
      <subfield code="b">Proquest Ebook Central</subfield>
    </datafield>
    <datafield tag="040" ind1=" " ind2=" ">
      <subfield code="a">CaONFJC</subfield>
      <subfield code="e">rda</subfield>
      <subfield code="c">CaONFJC</subfield>
    </datafield>
    <datafield tag="050" ind1=" " ind2="4">
      <subfield code="a">GN380</subfield>
      <subfield code="b">.C436 2019</subfield>
    </datafield>
    <datafield tag="082" ind1="0" ind2=" ">
      <subfield code="a">305.80072</subfield>
      <subfield code="2">23</subfield>
    </datafield>
    <datafield tag="100" ind1="1" ind2=" ">
      <subfield code="a">Chandler, David,</subfield>
      <subfield code="d">1962-</subfield>
      <subfield code="e">author.</subfield>
    </datafield>
    <datafield tag="245" ind1="1" ind2="0">
      <subfield code="a">Becoming indigenous :</subfield>
      <subfield code="b">governing imaginaries in the anthropocene /</subfield>
      <subfield code="c">David Chandler, Julian Reid.</subfield>
    </datafield>
    <datafield tag="264" ind1=" " ind2="1">
      <subfield code="a">London, England ;</subfield>
      <subfield code="a">New Yor :</subfield>
      <subfield code="b">Rowman &amp; Littlefield International,</subfield>
      <subfield code="c">[2019]</subfield>
    </datafield>
    <datafield tag="264" ind1=" " ind2="4">
      <subfield code="c">&#xA9;2019</subfield>
    </datafield>
    <datafield tag="300" ind1=" " ind2=" ">
      <subfield code="a">1 online resource (148 pages)</subfield>
    </datafield>
    <datafield tag="336" ind1=" " ind2=" ">
      <subfield code="a">text</subfield>
      <subfield code="b">txt</subfield>
      <subfield code="2">rdacontent</subfield>
    </datafield>
    <datafield tag="337" ind1=" " ind2=" ">
      <subfield code="a">computer</subfield>
      <subfield code="b">c</subfield>
      <subfield code="2">rdamedia</subfield>
    </datafield>
    <datafield tag="338" ind1=" " ind2=" ">
      <subfield code="a">online resource</subfield>
      <subfield code="b">cr</subfield>
      <subfield code="2">rdacarrier</subfield>
    </datafield>
    <datafield tag="504" ind1=" " ind2=" ">
      <subfield code="a">Includes bibliographical references.</subfield>
    </datafield>
    <datafield tag="588" ind1=" " ind2=" ">
      <subfield code="a">Description based on print version record.</subfield>
    </datafield>
    <datafield tag="650" ind1=" " ind2="0">
      <subfield code="a">Indigenous peoples</subfield>
      <subfield code="x">Research.</subfield>
    </datafield>
    <datafield tag="700" ind1="1" ind2=" ">
      <subfield code="a">Reid, Julian,</subfield>
      <subfield code="d">1970-</subfield>
      <subfield code="e">author.</subfield>
    </datafield>
    <datafield tag="776" ind1="0" ind2="8">
      <subfield code="i">Print version:</subfield>
      <subfield code="a">Chandler, David, 1962-</subfield>
      <subfield code="t">Becoming indigenous : governing imaginaries in the anthropocene.</subfield>
      <subfield code="d">London, England ; New York : Rowman &amp; Littlefield International, c2019 </subfield>
      <subfield code="h">148 pages </subfield>
      <subfield code="z">9781786605726 </subfield>
      <subfield code="w">(DLC) 2019952132</subfield>
    </datafield>
    <datafield tag="797" ind1="2" ind2=" ">
      <subfield code="a">ProQuest (Firm)</subfield>
    </datafield>
    <datafield tag="856" ind1="4" ind2="0">
      <subfield code="u">https://ebookcentral.proquest.com/lib/templeuniv-ebooks/detail.action?docID=5892122</subfield>
    </datafield>
    <datafield tag="960" ind1=" " ind2=" ">
      <subfield code="k">&lt;web&gt;</subfield>
      <subfield code="g">E_BOOK</subfield>
      <subfield code="l">web</subfield>
      <subfield code="o">1</subfield>
      <subfield code="q">061520</subfield>
      <subfield code="s">156.00</subfield>
      <subfield code="u">1jsof</subfield>
      <subfield code="v">coutt</subfield>
    </datafield>
    <datafield tag="961" ind1=" " ind2=" ">
      <subfield code="f">acqrat</subfield>
      <subfield code="h">EBC1U</subfield>
      <subfield code="i">55451847</subfield>
    </datafield>
    <datafield tag="979" ind1=" " ind2=" ">
      <subfield code="a">EBC5892122</subfield>
    </datafield>
    <datafield tag="ADM" ind1=" " ind2=" ">
      <subfield code="b">2020-06-18 00:45:25</subfield>
      <subfield code="e">EBC5892122</subfield>
      <subfield code="d">COUTTS</subfield>
      <subfield code="f">20200302062516.0</subfield>
      <subfield code="a">2020-06-15 19:18:46</subfield>
      <subfield code="c">false</subfield>
    </datafield>
    <datafield tag="PRT" ind1=" " ind2=" ">
      <subfield code="updated">2020-06-17 20:26:34</subfield>
      <subfield code="i">61402288210003811</subfield>
      <subfield code="d">MAIN</subfield>
      <subfield code="c">Ebook Central</subfield>
      <subfield code="created">2020-06-15 19:19:54</subfield>
      <subfield code="j">62402288200003811</subfield>
      <subfield code="a">53521028660003811</subfield>
      <subfield code="b">https://sandbox01-na.alma.exlibrisgroup.com/view/uresolver/01TULI_INST/openurl?u.ignore_date_coverage=true&amp;rft.mms_id=991037532806403811</subfield>
      <subfield code="9">Available</subfield>
      <subfield code="8">53521028660003811</subfield>
    </datafield>
  </record>