
  <record>
    <leader>01840nam  2200361 i 4500</leader>
    <controlfield tag="001">991036804892603811</controlfield>
    <controlfield tag="005">20190322194522.0</controlfield>
    <controlfield tag="006">m     o  d |      </controlfield>
    <controlfield tag="008">160619t20152015enk     ob    001 0 eng d</controlfield>
    <datafield tag="020" ind1=" " ind2=" ">
      <subfield code="a">1-4438-8392-1</subfield>
    </datafield>
    <datafield tag="035" ind1=" " ind2=" ">
      <subfield code="a">(CKB)3710000000485888</subfield>
    </datafield>
    <datafield tag="035" ind1=" " ind2=" ">
      <subfield code="a">(EBL)4534864</subfield>
    </datafield>
    <datafield tag="035" ind1=" " ind2=" ">
      <subfield code="a">(MiAaPQ)EBC4534864</subfield>
    </datafield>
    <datafield tag="035" ind1=" " ind2=" ">
      <subfield code="a">(EXLCZ)993710000000485888</subfield>
    </datafield>
    <datafield tag="040" ind1=" " ind2=" ">
      <subfield code="a">MiAaPQ</subfield>
      <subfield code="b">eng</subfield>
      <subfield code="e">rda</subfield>
      <subfield code="e">pn</subfield>
      <subfield code="c">MiAaPQ</subfield>
      <subfield code="d">MiAaPQ</subfield>
    </datafield>
    <datafield tag="043" ind1=" " ind2=" ">
      <subfield code="a">e-uk---</subfield>
    </datafield>
    <datafield tag="050" ind1=" " ind2="4">
      <subfield code="a">GN20</subfield>
      <subfield code="b">.M377 2015</subfield>
    </datafield>
    <datafield tag="082" ind1="0" ind2=" ">
      <subfield code="a">301.0922</subfield>
      <subfield code="2">23</subfield>
    </datafield>
    <datafield tag="100" ind1="1" ind2=" ">
      <subfield code="a">Mars, Gerald,</subfield>
      <subfield code="e">author.</subfield>
    </datafield>
    <datafield tag="245" ind1="1" ind2="0">
      <subfield code="a">Becoming an anthropologist :</subfield>
      <subfield code="b">a memoir and a guide to anthropology /</subfield>
      <subfield code="c">Gerald Mars.</subfield>
    </datafield>
    <datafield tag="264" ind1=" " ind2="1">
      <subfield code="a">Newcastle upon Tyne, England :</subfield>
      <subfield code="b">Cambridge Scholars Publishing,</subfield>
      <subfield code="c">2015.</subfield>
    </datafield>
    <datafield tag="264" ind1=" " ind2="4">
      <subfield code="c">&#xA9;2015</subfield>
    </datafield>
    <datafield tag="300" ind1=" " ind2=" ">
      <subfield code="a">1 online resource (234 p.)</subfield>
    </datafield>
    <datafield tag="336" ind1=" " ind2=" ">
      <subfield code="a">text</subfield>
      <subfield code="2">rdacontent</subfield>
    </datafield>
    <datafield tag="337" ind1=" " ind2=" ">
      <subfield code="a">computer</subfield>
      <subfield code="2">rdamedia</subfield>
    </datafield>
    <datafield tag="338" ind1=" " ind2=" ">
      <subfield code="a">online resource</subfield>
      <subfield code="2">rdacarrier</subfield>
    </datafield>
    <datafield tag="500" ind1=" " ind2=" ">
      <subfield code="a">Description based upon print version of record.</subfield>
    </datafield>
    <datafield tag="520" ind1=" " ind2=" ">
      <subfield code="a">Mars' graphic and often vivid narrative can be read simply as the anecdotal memoirs of an anthropologist. The experiences he recounts are sometimes hilarious, touch occasionally on the dangerous, and are always sensitively and expertly explored. But for those who want to know more, the book's expansive footnotes and references to key sources also offer a stimulating introduction to social anthropology, its theories and its methods. Mars begins by describing his childhood life in a tightly structured working class community during World War Two. He then contrasts this with an account of the</subfield>
    </datafield>
    <datafield tag="504" ind1=" " ind2=" ">
      <subfield code="a">Includes bibliographical references and index.</subfield>
    </datafield>
    <datafield tag="588" ind1=" " ind2=" ">
      <subfield code="a">Description based on online resource; title from PDF title page (ebrary, viewed June 16, 2016).</subfield>
    </datafield>
    <datafield tag="650" ind1=" " ind2="0">
      <subfield code="a">Anthropologists</subfield>
      <subfield code="z">Great Britain</subfield>
      <subfield code="v">Biography.</subfield>
    </datafield>
    <datafield tag="655" ind1=" " ind2="4">
      <subfield code="a">Electronic books.</subfield>
    </datafield>
    <datafield tag="776" ind1="0" ind2=" ">
      <subfield code="z">1-4438-7692-5</subfield>
    </datafield>
    <datafield tag="906" ind1=" " ind2=" ">
      <subfield code="a">BOOK</subfield>
    </datafield>
    <datafield tag="ADM" ind1=" " ind2=" ">
      <subfield code="b">2019-03-24 09:30:23</subfield>
      <subfield code="e">(CKB)3710000000485888</subfield>
      <subfield code="d">CKB</subfield>
      <subfield code="f">20160606011057.0</subfield>
      <subfield code="a">2015-10-10 23:20:12</subfield>
      <subfield code="c">false</subfield>
    </datafield>
    <datafield tag="PRT" ind1=" " ind2=" ">
      <subfield code="updated">2019-07-17 03:47:31</subfield>
      <subfield code="i">61391921830003811</subfield>
      <subfield code="e">EBSCOhost</subfield>
      <subfield code="c">EBSCOhost Academic eBook Collection (North America)</subfield>
      <subfield code="created">2019-07-17 03:47:31</subfield>
      <subfield code="j">62391921820003811</subfield>
      <subfield code="a">53470914850003811</subfield>
      <subfield code="b">https://sandbox01-na.alma.exlibrisgroup.com/view/uresolver/01TULI_INST/openurl?u.ignore_date_coverage=true&amp;rft.mms_id=991036804892603811</subfield>
      <subfield code="9">Available</subfield>
      <subfield code="h">613640000000000029</subfield>
      <subfield code="8">53470914850003811</subfield>
    </datafield>
    <datafield tag="PRT" ind1=" " ind2=" ">
      <subfield code="updated">2018-04-26 15:08:07</subfield>
      <subfield code="i">61423633630003811</subfield>
      <subfield code="e">Ebook Central</subfield>
      <subfield code="c">Ebook Central College Complete</subfield>
      <subfield code="created">2018-04-26 15:07:43</subfield>
      <subfield code="j">62423633620003811</subfield>
      <subfield code="a">53423699520003811</subfield>
      <subfield code="b">https://sandbox01-na.alma.exlibrisgroup.com/view/uresolver/01TULI_INST/openurl?u.ignore_date_coverage=true&amp;rft.mms_id=991036804892603811</subfield>
      <subfield code="9">Available</subfield>
      <subfield code="h">614330000000000032</subfield>
      <subfield code="8">53423699520003811</subfield>
    </datafield>
    <datafield tag="PRT" ind1=" " ind2=" ">
      <subfield code="updated">2018-04-19 03:58:30</subfield>
      <subfield code="i">61419889170003811</subfield>
      <subfield code="e">Ebook Central</subfield>
      <subfield code="c">Ebook Central Academic Complete</subfield>
      <subfield code="created">2018-04-19 03:58:05</subfield>
      <subfield code="j">62419889160003811</subfield>
      <subfield code="a">53422845440003811</subfield>
      <subfield code="b">https://sandbox01-na.alma.exlibrisgroup.com/view/uresolver/01TULI_INST/openurl?u.ignore_date_coverage=true&amp;rft.mms_id=991036804892603811</subfield>
      <subfield code="9">Available</subfield>
      <subfield code="h">614200000000000002</subfield>
      <subfield code="8">53422845440003811</subfield>
    </datafield>
  </record>