
  <record>
    <leader>01535nam  2200361 i 4500</leader>
    <controlfield tag="001">991037317247803811</controlfield>
    <controlfield tag="006">m     o  d |      </controlfield>
    <controlfield tag="007">cr cnu||||||||</controlfield>
    <controlfield tag="008">150316t20142014inuao   o     000 0deng d</controlfield>
    <datafield tag="020" ind1=" " ind2=" ">
      <subfield code="a">1-61249-359-9</subfield>
    </datafield>
    <datafield tag="035" ind1=" " ind2=" ">
      <subfield code="a">(CKB)3790000000020729</subfield>
    </datafield>
    <datafield tag="035" ind1=" " ind2=" ">
      <subfield code="a">(MiAaPQ)EBC1973110</subfield>
    </datafield>
    <datafield tag="035" ind1=" " ind2=" ">
      <subfield code="a">(EXLCZ)993790000000020729</subfield>
    </datafield>
    <datafield tag="040" ind1=" " ind2=" ">
      <subfield code="a">MiAaPQ</subfield>
      <subfield code="b">eng</subfield>
      <subfield code="e">rda</subfield>
      <subfield code="e">pn</subfield>
      <subfield code="c">MiAaPQ</subfield>
      <subfield code="d">MiAaPQ</subfield>
    </datafield>
    <datafield tag="043" ind1=" " ind2=" ">
      <subfield code="a">n-us---</subfield>
      <subfield code="a">zo-----</subfield>
    </datafield>
    <datafield tag="050" ind1=" " ind2="4">
      <subfield code="a">TL789.85.R67</subfield>
      <subfield code="b">.R677 2014</subfield>
    </datafield>
    <datafield tag="082" ind1="0" ind2=" ">
      <subfield code="a">629.450092</subfield>
      <subfield code="2">23</subfield>
    </datafield>
    <datafield tag="100" ind1="1" ind2=" ">
      <subfield code="a">Ross, Jerry Lynn,</subfield>
      <subfield code="d">1948-</subfield>
      <subfield code="e">author.</subfield>
    </datafield>
    <datafield tag="245" ind1="1" ind2="0">
      <subfield code="a">Becoming a spacewalker :</subfield>
      <subfield code="b">my journey to the stars /</subfield>
      <subfield code="c">Jerry L. Ross and Susan G. Gunderson.</subfield>
    </datafield>
    <datafield tag="264" ind1=" " ind2="1">
      <subfield code="a">West Lafayette, Indiana :</subfield>
      <subfield code="b">Purdue University Press,</subfield>
      <subfield code="c">2014.</subfield>
    </datafield>
    <datafield tag="264" ind1=" " ind2="4">
      <subfield code="c">&#xA9;2014</subfield>
    </datafield>
    <datafield tag="300" ind1=" " ind2=" ">
      <subfield code="a">1 online resource (45 pages) :</subfield>
      <subfield code="b">illustrations, photographs</subfield>
    </datafield>
    <datafield tag="336" ind1=" " ind2=" ">
      <subfield code="a">text</subfield>
      <subfield code="2">rdacontent</subfield>
    </datafield>
    <datafield tag="337" ind1=" " ind2=" ">
      <subfield code="a">computer</subfield>
      <subfield code="2">rdamedia</subfield>
    </datafield>
    <datafield tag="338" ind1=" " ind2=" ">
      <subfield code="a">online resource</subfield>
      <subfield code="2">rdacarrier</subfield>
    </datafield>
    <datafield tag="588" ind1=" " ind2=" ">
      <subfield code="a">Description based on print version record.</subfield>
    </datafield>
    <datafield tag="600" ind1="1" ind2="0">
      <subfield code="a">Ross, Jerry Lynn,</subfield>
      <subfield code="d">1948-</subfield>
    </datafield>
    <datafield tag="650" ind1=" " ind2="0">
      <subfield code="a">Astronauts</subfield>
      <subfield code="z">United States</subfield>
      <subfield code="v">Biography.</subfield>
    </datafield>
    <datafield tag="651" ind1=" " ind2="0">
      <subfield code="a">Outer space</subfield>
      <subfield code="x">Exploration</subfield>
      <subfield code="z">United States.</subfield>
    </datafield>
    <datafield tag="655" ind1=" " ind2="4">
      <subfield code="a">Electronic books.</subfield>
    </datafield>
    <datafield tag="700" ind1="1" ind2=" ">
      <subfield code="a">Gunderson, Susan G.,</subfield>
      <subfield code="e">author.</subfield>
    </datafield>
    <datafield tag="776" ind1=" " ind2=" ">
      <subfield code="z">1-55753-693-7</subfield>
    </datafield>
    <datafield tag="906" ind1=" " ind2=" ">
      <subfield code="a">BOOK</subfield>
    </datafield>
    <datafield tag="ADM" ind1=" " ind2=" ">
      <subfield code="b">2020-09-13 08:57:07</subfield>
      <subfield code="e">(CKB)3790000000020729</subfield>
      <subfield code="d">EBC</subfield>
      <subfield code="a">2015-08-08 19:46:39</subfield>
      <subfield code="c">false</subfield>
    </datafield>
    <datafield tag="PRT" ind1=" " ind2=" ">
      <subfield code="updated">2019-10-15 04:44:42</subfield>
      <subfield code="i">61424582650003811</subfield>
      <subfield code="e">Ebook Central</subfield>
      <subfield code="c">Ebook Central University Press</subfield>
      <subfield code="created">2019-10-15 04:44:42</subfield>
      <subfield code="j">62424582640003811</subfield>
      <subfield code="a">53475249330003811</subfield>
      <subfield code="b">https://sandbox01-na.alma.exlibrisgroup.com/view/uresolver/01TULI_INST/openurl?u.ignore_date_coverage=true&amp;rft.mms_id=991037317247803811</subfield>
      <subfield code="9">Available</subfield>
      <subfield code="h">614330000000000093</subfield>
      <subfield code="8">53475249330003811</subfield>
    </datafield>
  </record>