
  <record>
    <leader>01078nam a2200289 a 4500</leader>
    <controlfield tag="001">991036735505203811</controlfield>
    <controlfield tag="005">20170821200041.0</controlfield>
    <controlfield tag="006">m     o  d |      </controlfield>
    <controlfield tag="007">cr -n---------</controlfield>
    <controlfield tag="008">130426s2012    enk     obi   001 0 eng d</controlfield>
    <datafield tag="020" ind1=" " ind2=" ">
      <subfield code="a">1-85964-328-0</subfield>
    </datafield>
    <datafield tag="020" ind1=" " ind2=" ">
      <subfield code="a">1-283-85092-3</subfield>
    </datafield>
    <datafield tag="020" ind1=" " ind2=" ">
      <subfield code="a">1-85964-298-5</subfield>
    </datafield>
    <datafield tag="035" ind1=" " ind2=" ">
      <subfield code="a">(CKB)2550000000709094</subfield>
    </datafield>
    <datafield tag="035" ind1=" " ind2=" ">
      <subfield code="a">(EBL)1764236</subfield>
    </datafield>
    <datafield tag="035" ind1=" " ind2=" ">
      <subfield code="a">(SSID)ssj0000810489</subfield>
    </datafield>
    <datafield tag="035" ind1=" " ind2=" ">
      <subfield code="a">(PQKBManifestationID)12406457</subfield>
    </datafield>
    <datafield tag="035" ind1=" " ind2=" ">
      <subfield code="a">(PQKBTitleCode)TC0000810489</subfield>
    </datafield>
    <datafield tag="035" ind1=" " ind2=" ">
      <subfield code="a">(PQKBWorkID)10828448</subfield>
    </datafield>
    <datafield tag="035" ind1=" " ind2=" ">
      <subfield code="a">(PQKB)11459297</subfield>
    </datafield>
    <datafield tag="035" ind1=" " ind2=" ">
      <subfield code="a">(OCoLC)823283831</subfield>
    </datafield>
    <datafield tag="035" ind1=" " ind2=" ">
      <subfield code="a">(MiAaPQ)EBC1764236</subfield>
    </datafield>
    <datafield tag="035" ind1=" " ind2=" ">
      <subfield code="a">(EXLCZ)992550000000709094</subfield>
    </datafield>
    <datafield tag="040" ind1=" " ind2=" ">
      <subfield code="a">MiAaPQ</subfield>
      <subfield code="c">MiAaPQ</subfield>
      <subfield code="d">MiAaPQ</subfield>
    </datafield>
    <datafield tag="041" ind1=" " ind2=" ">
      <subfield code="a">eng</subfield>
    </datafield>
    <datafield tag="043" ind1=" " ind2=" ">
      <subfield code="a">f-sj---</subfield>
    </datafield>
    <datafield tag="050" ind1=" " ind2="4">
      <subfield code="a">DT155</subfield>
      <subfield code="b">.B64 2012</subfield>
    </datafield>
    <datafield tag="082" ind1="0" ind2="0">
      <subfield code="a">962.4043</subfield>
    </datafield>
    <datafield tag="100" ind1="1" ind2=" ">
      <subfield code="a">Boggs, Richard.</subfield>
    </datafield>
    <datafield tag="245" ind1="1" ind2="0">
      <subfield code="a">Becoming plural</subfield>
      <subfield code="h">[electronic resource] :</subfield>
      <subfield code="b">a tale of two Sudans /</subfield>
      <subfield code="c">Richard Boggs.</subfield>
    </datafield>
    <datafield tag="260" ind1=" " ind2=" ">
      <subfield code="a">Reading, Berkshire :</subfield>
      <subfield code="b">Garnet Publishing,</subfield>
      <subfield code="c">2012.</subfield>
    </datafield>
    <datafield tag="300" ind1=" " ind2=" ">
      <subfield code="a">1 online resource (356 p.)</subfield>
    </datafield>
    <datafield tag="336" ind1=" " ind2=" ">
      <subfield code="a">text</subfield>
      <subfield code="b">txt</subfield>
    </datafield>
    <datafield tag="337" ind1=" " ind2=" ">
      <subfield code="a">computer</subfield>
      <subfield code="b">c</subfield>
    </datafield>
    <datafield tag="338" ind1=" " ind2=" ">
      <subfield code="a">online resource</subfield>
      <subfield code="b">cr</subfield>
    </datafield>
    <datafield tag="500" ind1=" " ind2=" ">
      <subfield code="a">Description based upon print version of record.</subfield>
    </datafield>
    <datafield tag="505" ind1="0" ind2=" ">
      <subfield code="a">CONTENTS; CHAPTER ONE; CHAPTER TWO; CHAPTER THREE; CHAPTER FOUR; CHAPTER FIVE; CHAPTER SIX; CHAPTER SEVEN; CHAPTER EIGHT; CHAPTER NINE; CHAPTER TEN; ACKNOWLEDGEMENTS; GLOSSARY</subfield>
    </datafield>
    <datafield tag="520" ind1=" " ind2=" ">
      <subfield code="a">In July 2011, Sudan officially ''became plural'', as the country split in two; the unofficial north - south divide between the Arabdominated north and the more ethnically African south was formalised, after the people of Southern Sudan voted overwhelmingly to separate from the rest of the country. Becoming Plural is a beautifully illustrated travelogue containing over 100 unique photographs of Sudanese people and their lives, accompanied by a first-hand narrative of what life in Sudan was really like during this critical time in its history. Richard Boggs lived and worked among the Sudanese pe</subfield>
    </datafield>
    <datafield tag="546" ind1=" " ind2=" ">
      <subfield code="a">English</subfield>
    </datafield>
    <datafield tag="504" ind1=" " ind2=" ">
      <subfield code="a">Includes bibliographical references and index.</subfield>
    </datafield>
    <datafield tag="588" ind1=" " ind2=" ">
      <subfield code="a">Description based on online resource; title from title page (ebrary, viewed April 26, 2013).</subfield>
    </datafield>
    <datafield tag="651" ind1=" " ind2="0">
      <subfield code="a">Sudan</subfield>
      <subfield code="x">Ethnic relations.</subfield>
    </datafield>
    <datafield tag="655" ind1=" " ind2="4">
      <subfield code="a">Electronic books.</subfield>
    </datafield>
    <datafield tag="776" ind1=" " ind2=" ">
      <subfield code="z">1-85964-297-7</subfield>
    </datafield>
    <datafield tag="906" ind1=" " ind2=" ">
      <subfield code="a">BOOK</subfield>
    </datafield>
    <datafield tag="ADM" ind1=" " ind2=" ">
      <subfield code="b">2018-12-01 20:12:37</subfield>
      <subfield code="e">992550000000709094</subfield>
      <subfield code="d">NON_SFX</subfield>
      <subfield code="f">20160803134623.0</subfield>
      <subfield code="a">2013-01-20 06:44:58</subfield>
      <subfield code="c">false</subfield>
    </datafield>
    <datafield tag="PRT" ind1=" " ind2=" ">
      <subfield code="updated">2018-04-19 03:17:05</subfield>
      <subfield code="i">61419889170003811</subfield>
      <subfield code="e">Ebook Central</subfield>
      <subfield code="c">Ebook Central Academic Complete</subfield>
      <subfield code="created">2018-04-19 03:16:28</subfield>
      <subfield code="j">62419889160003811</subfield>
      <subfield code="a">53422543160003811</subfield>
      <subfield code="b">https://sandbox01-na.alma.exlibrisgroup.com/view/uresolver/01TULI_INST/openurl?u.ignore_date_coverage=true&amp;rft.mms_id=991036735505203811</subfield>
      <subfield code="9">Available</subfield>
      <subfield code="h">614200000000000002</subfield>
      <subfield code="8">53422543160003811</subfield>
    </datafield>
    <datafield tag="PRT" ind1=" " ind2=" ">
      <subfield code="updated">2018-04-26 15:18:58</subfield>
      <subfield code="i">61423633630003811</subfield>
      <subfield code="e">Ebook Central</subfield>
      <subfield code="c">Ebook Central College Complete</subfield>
      <subfield code="created">2018-04-26 15:18:31</subfield>
      <subfield code="j">62423633620003811</subfield>
      <subfield code="a">53423773130003811</subfield>
      <subfield code="b">https://sandbox01-na.alma.exlibrisgroup.com/view/uresolver/01TULI_INST/openurl?u.ignore_date_coverage=true&amp;rft.mms_id=991036735505203811</subfield>
      <subfield code="9">Available</subfield>
      <subfield code="h">614330000000000032</subfield>
      <subfield code="8">53423773130003811</subfield>
    </datafield>
  </record>