
  <record>
    <leader>01882nam  2200469 i 4500</leader>
    <controlfield tag="005">20200414165452.0</controlfield>
    <controlfield tag="006">m     o  d |      </controlfield>
    <controlfield tag="007">cr cnu||||||||</controlfield>
    <controlfield tag="008">200309s2020    ne      o     000 0 eng d</controlfield>
    <controlfield tag="001">991037470658903811</controlfield>
    <datafield tag="020" ind1=" " ind2=" ">
      <subfield code="a">9789004423657</subfield>
    </datafield>
    <datafield tag="020" ind1=" " ind2=" ">
      <subfield code="a">9789004423664 (Proquest Ebook Central)</subfield>
    </datafield>
    <datafield tag="020" ind1=" " ind2=" ">
      <subfield code="a">9004423664</subfield>
    </datafield>
    <datafield tag="020" ind1=" " ind2=" ">
      <subfield code="a">9789004423664</subfield>
    </datafield>
    <datafield tag="035" ind1=" " ind2=" ">
      <subfield code="a">(MiAaPQ)EBC6026575</subfield>
    </datafield>
    <datafield tag="035" ind1=" " ind2=" ">
      <subfield code="a">(OCoLC)1138030633</subfield>
    </datafield>
    <datafield tag="035" ind1=" " ind2=" ">
      <subfield code="a">(CaONFJC)EBC6026575</subfield>
    </datafield>
    <datafield tag="037" ind1=" " ind2=" ">
      <subfield code="a">6026575</subfield>
      <subfield code="b">Proquest Ebook Central</subfield>
    </datafield>
    <datafield tag="040" ind1=" " ind2=" ">
      <subfield code="a">CaONFJC</subfield>
      <subfield code="e">rda</subfield>
      <subfield code="c">CaONFJC</subfield>
    </datafield>
    <datafield tag="050" ind1=" " ind2="4">
      <subfield code="a">B126</subfield>
      <subfield code="b">.R675 2020</subfield>
    </datafield>
    <datafield tag="082" ind1="0" ind2=" ">
      <subfield code="a">181.11</subfield>
      <subfield code="2">23</subfield>
    </datafield>
    <datafield tag="100" ind1="1" ind2=" ">
      <subfield code="a">Ros&#x30C;ker, Jana,</subfield>
      <subfield code="d">1960-</subfield>
      <subfield code="e">author.</subfield>
    </datafield>
    <datafield tag="245" ind1="1" ind2="0">
      <subfield code="a">Becoming human :</subfield>
      <subfield code="b">Li Zehou's ethics /</subfield>
      <subfield code="c">by Jana S. Ros&#x30C;ker.</subfield>
    </datafield>
    <datafield tag="264" ind1=" " ind2="1">
      <subfield code="a">Leiden, The Netherlands ;</subfield>
      <subfield code="a">Boston :</subfield>
      <subfield code="b">Brill,</subfield>
      <subfield code="c">[2020]</subfield>
    </datafield>
    <datafield tag="264" ind1=" " ind2="4">
      <subfield code="c">&#xA9;2020</subfield>
    </datafield>
    <datafield tag="300" ind1=" " ind2=" ">
      <subfield code="a">1 online resource (xiv, 332 pages).</subfield>
    </datafield>
    <datafield tag="336" ind1=" " ind2=" ">
      <subfield code="a">text</subfield>
      <subfield code="b">txt</subfield>
      <subfield code="2">rdacontent</subfield>
    </datafield>
    <datafield tag="337" ind1=" " ind2=" ">
      <subfield code="a">computer</subfield>
      <subfield code="b">c</subfield>
      <subfield code="2">rdamedia</subfield>
    </datafield>
    <datafield tag="338" ind1=" " ind2=" ">
      <subfield code="a">online resource</subfield>
      <subfield code="b">cr</subfield>
      <subfield code="2">rdacarrier</subfield>
    </datafield>
    <datafield tag="490" ind1="1" ind2=" ">
      <subfield code="a">Modern Chinese philosophy ;</subfield>
      <subfield code="v">Volume 20</subfield>
    </datafield>
    <datafield tag="588" ind1=" " ind2=" ">
      <subfield code="a">Description based on print version record.</subfield>
    </datafield>
    <datafield tag="590" ind1=" " ind2=" ">
      <subfield code="a">Access is available to the Temple Community through use of a networked computer with a Temple IP address.</subfield>
    </datafield>
    <datafield tag="650" ind1=" " ind2="0">
      <subfield code="a">Philosophy, Chinese.</subfield>
    </datafield>
    <datafield tag="710" ind1="2" ind2=" ">
      <subfield code="a">Ebook Central</subfield>
    </datafield>
    <datafield tag="776" ind1="0" ind2="8">
      <subfield code="i">Print version:</subfield>
      <subfield code="a">Ros&#x30C;ker, Jana S.</subfield>
      <subfield code="t">Becoming human : Li Zehou's ethics.</subfield>
      <subfield code="d">Leiden, The Netherlands ; Boston : Brill, c2020 </subfield>
      <subfield code="h">xiv, 332 pages </subfield>
      <subfield code="k">Modern Chinese philosophy ; Volume 20.</subfield>
      <subfield code="z">9789004423657</subfield>
    </datafield>
    <datafield tag="797" ind1="2" ind2=" ">
      <subfield code="a">ProQuest (Firm)</subfield>
    </datafield>
    <datafield tag="830" ind1=" " ind2="0">
      <subfield code="a">Modern Chinese philosophy;</subfield>
      <subfield code="v">Volume 20.</subfield>
    </datafield>
    <datafield tag="856" ind1="4" ind2="0">
      <subfield code="u">https://ebookcentral.proquest.com/lib/templeuniv-ebooks/detail.action?docID=6026575</subfield>
    </datafield>
    <datafield tag="945" ind1=" " ind2="1">
      <subfield code="l">w</subfield>
      <subfield code="a">B126</subfield>
      <subfield code="b">.R675 2020</subfield>
      <subfield code="s">e</subfield>
      <subfield code="t">29</subfield>
      <subfield code="z">090</subfield>
    </datafield>
    <datafield tag="979" ind1=" " ind2=" ">
      <subfield code="a">EBC6026575</subfield>
    </datafield>
    <datafield tag="980" ind1=" " ind2=" ">
      <subfield code="b">&lt;listprice100.0+0&gt;</subfield>
      <subfield code="e">&lt;netprice100.0+0&gt;</subfield>
      <subfield code="f">I</subfield>
      <subfield code="g">1</subfield>
    </datafield>
    <datafield tag="981" ind1=" " ind2=" ">
      <subfield code="a">Coutts</subfield>
      <subfield code="b">ctpdf</subfield>
      <subfield code="c">w</subfield>
      <subfield code="d">58297716</subfield>
      <subfield code="e">SLI</subfield>
    </datafield>
    <datafield tag="ADM" ind1=" " ind2=" ">
      <subfield code="b">2020-04-15 08:15:54</subfield>
      <subfield code="e">EBC6026575</subfield>
      <subfield code="d">COUTTS</subfield>
      <subfield code="f">20200309103331.0</subfield>
      <subfield code="a">2020-04-06 13:05:34</subfield>
      <subfield code="c">false</subfield>
    </datafield>
    <datafield tag="PRT" ind1=" " ind2=" ">
      <subfield code="updated">2020-04-06 13:06:33</subfield>
      <subfield code="i">61402288240003811</subfield>
      <subfield code="c">Ebook Central</subfield>
      <subfield code="created">2020-04-06 13:06:28</subfield>
      <subfield code="j">62402288230003811</subfield>
      <subfield code="a">53505834720003811</subfield>
      <subfield code="b">https://sandbox01-na.alma.exlibrisgroup.com/view/uresolver/01TULI_INST/openurl?u.ignore_date_coverage=true&amp;rft.mms_id=991037470658903811</subfield>
      <subfield code="9">Available</subfield>
      <subfield code="8">53505834720003811</subfield>
    </datafield>
  </record>